%% This BibTeX bibliography file was created using BibDesk.
%% http://bibdesk.sourceforge.net/


%% Created for Danushka Bollegala at 2018-06-21 11:06:16 +0900 


%% Saved with string encoding Unicode (UTF-8) 



@inproceedings{Coates:NAACL:2018,
	Author = {Joshua Coates and Danushka Bollegala},
	Booktitle = {Proc. of the 16th Annual Conference of the North American Chapter of the Association for Computational Linguistics: Human Language Technologies},
	Date-Added = {2018-06-21 00:01:58 +0000},
	Date-Modified = {2018-06-21 00:01:58 +0000},
	Pages = {194--198},
	Title = {Frustratingly Easy Meta-Embedding -- Computing Meta-Embeddings by Averaging Source Word Embeddings},
	Year = {2018}}

@inproceedings{Mai:COLING:2018,
	Author = {Khai Mai and Thai-Hoang Pham and Minh Trung Nguyen and Nguyen Tuan Duc and Danushka Bollegala and Ryohei Sasano and Satoshi Sekine},
	Booktitle = {Proc. of the 27th International Conference on Computational Linguistics (COLING)},
	Date-Added = {2018-06-20 23:51:05 +0000},
	Date-Modified = {2018-06-20 23:51:13 +0000},
	Pages = {XX-XX},
	Title = {Which Model Performs Best in This Situation? An Empirical Study on Fine-Grained Named Entity Recognition},
	Year = {(to appear) 2018}}

@inproceedings{Cong:COLING:2018,
	Author = {Cong Bao and Danushka Bollegala},
	Booktitle = {Proc. of the 27th International Conference on Computational Linguistics (COLING)},
	Date-Added = {2018-06-20 23:49:35 +0000},
	Date-Modified = {2018-06-20 23:49:47 +0000},
	Pages = {XX-XX},
	Title = {Learning Word Meta-Embeddings by Autoencoding},
	Year = {(to appear) 2018}}

@inproceedings{Huda:COLING:2018,
	Author = {Danushka Bollegala and Kohei Hayashi and Danushka Bollegala},
	Booktitle = {Proc. of the 27th International Conference on Computational Linguistics (COLING)},
	Date-Added = {2018-06-20 23:48:18 +0000},
	Date-Modified = {2018-06-20 23:49:06 +0000},
	Pages = {XX-XX},
	Title = {Why does PairDiff work? - A Mathematical Analysis of Bilinear Relational Compositional Operators for Analogy Detection},
	Year = {(to appear) 2018}}

@inproceedings{Smardzhiev:SEM:2018,
	Author = {Krasen Samardzhiev and Andrew Gargett and Danushka Bollegala},
	Booktitle = {Proc. of the Seventh Joint Conference on Lexical and Computational Semantics},
	Date-Added = {2018-05-01 19:50:49 +0000},
	Date-Modified = {2018-06-20 23:58:44 +0000},
	Pages = {33--42},
	Title = {Learning Neural Word Salience Scores},
	Year = {2018}}

@inproceedings{Cui:SEM:2018,
	Author = {Xia Cui and Kojaku Sadamori and Naoki Masuda and Danushka Bollegala},
	Booktitle = {Proc. of Seventh Joint Conference on Lexical and Computational Semantics},
	Date-Added = {2018-05-01 19:50:36 +0000},
	Date-Modified = {2018-06-20 23:56:34 +0000},
	Pages = {255--264},
	Title = {Solving Feature Spareness in Text Classification using Core-Periphery Decomposition},
	Year = {2018}}

@inproceedings{Bollegala:IJCAI:2018,
	Author = {Danushka Bollegala and Kohei Hayashi and Ken-ichi Kawarabayashi},
	Booktitle = {Proc. of IJCAI-EACI},
	Date-Added = {2018-05-01 19:50:19 +0000},
	Date-Modified = {2018-06-20 23:52:16 +0000},
	Title = {Think Globally, Embed Locally --- Locally Linear Meta-embedding of Words},
	Year = {(to appear) 2018}}

@inproceedings{Alsheri:ICDM:2017,
	Author = {Abdullah Alsheri and Frans Coenen and and Danushka Bollegala},
	Booktitle = {Proc. of Workshop on Spatial and Spatio-temporal Data Mining (SSTDM) at the IEEE International Conference on Data Mining (SSTDM)},
	Date-Added = {2018-03-23 20:37:46 +0000},
	Date-Modified = {2018-06-21 01:50:16 +0000},
	Pages = {62--73},
	Title = {Spectral Analysis of Keystroke Streams: Towards Effective Real-Time and Continuous User Authentication},
	Year = {2017}}

@inproceedings{Alsheri:ICISSP:2017,
	Author = {Abdullah Alsheri and Frans Coenen and and Danushka Bollegala},
	Booktitle = {4th International Conference on Information Systems Security and Privacy (ICISSP)},
	Date-Added = {2018-03-23 20:34:32 +0000},
	Date-Modified = {2018-03-23 20:34:32 +0000},
	Pages = {62--73},
	Title = {Spectral Analysis of Keystroke Streams: Towards Effective Real-Time Continuous User Authentication},
	Year = {2017}}

@inproceedings{Rajendran:NAACL:2018,
	Author = {Pavithra Rajendran and Danushka Bollegala and Simon Parsons},
	Booktitle = {Proc. of the 16th Annual Conference of the North American Chapter of the Association for Computational Linguistics: Human Language Technologies},
	Date-Added = {2018-03-23 20:13:30 +0000},
	Date-Modified = {2018-06-21 00:20:11 +0000},
	Pages = {28--34},
	Title = {Is Something Better than Nothing? Automatically Predicting Stance-based Arguments Using Deep Learning and Small Labelled Dataset},
	Year = {2018}}

@inproceedings{Alsuhaibani:LREC:2018,
	Author = {Mohammed Alsuhaibani and Danushka Bollegala},
	Booktitle = {Proc. of the Eleventh International Conference on Language Resources and Evaluation (LREC)},
	Date-Added = {2018-01-10 05:42:00 +0000},
	Date-Modified = {2018-06-21 00:30:05 +0000},
	Inproceedings = {Proc. of LREC},
	Pages = {1--7},
	Title = {Joint Learning of Sense and Word Embeddings},
	Year = {2018}}

@inproceedings{Rajendran:LREC:2018,
	Author = {Pavithra Rajendran and Danushka Bollegala and Simon Parsons},
	Booktitle = {Proc. of the Eleventh International Conference on Language Resources and Evaluation (LREC)},
	Date-Added = {2018-01-10 05:41:56 +0000},
	Date-Modified = {2018-06-21 00:52:17 +0000},
	Inproceedings = {Proc. of LREC},
	Pages = {1--7},
	Title = {Sentiment-Stance-Specificity (SSS) Dataset: Identifying Support-based Entailment among Opinions.},
	Year = {2018}}

@inproceedings{Mandya:LREC:2018,
	Author = {Angrosh Mandya and Danushka Bollegala and Frans Coenen and Katie Atkinson},
	Booktitle = {Proc. of the Eleventh International Conference on Language Resources and Evaluation (LREC)},
	Date-Added = {2018-01-10 05:41:51 +0000},
	Date-Modified = {2018-06-21 00:55:34 +0000},
	Inproceedings = {Proc. of LREC},
	Pages = {1--7},
	Title = {A Dataset for Inter-Sentence Relation Extraction using Distant Supervision},
	Year = {2018}}

@inproceedings{Bollegala:AAAI:2018,
	Author = {Danushka Bollegala and Yuichi Yoshida and Ken-ichi Kawarabayashi},
	Booktitle = {Proc. of the Thirty Second AAAI Conference on Artificial Intelligence (AAAI)},
	Date-Added = {2017-12-06 12:08:44 +0000},
	Date-Modified = {2018-06-21 01:08:58 +0000},
	Pages = {5037--5044},
	Title = {{Using $k$-way Co-occurrences for Learning Word Embeddings}},
	Year = {2018}}

@inproceedings{Alsheri:IC3K:2017,
	Author = {Abdullah Alsheri and Frans Coenen and and Danushka Bollegala},
	Booktitle = {Proc. of the 9th International Conference on Knowledge Discovery, Knowledge Engineering and Knowledge Management (KDIR)},
	Date-Added = {2017-09-13 11:59:34 +0000},
	Date-Modified = {2018-06-21 01:46:29 +0000},
	Pages = {61--70},
	Title = {Accurate Continuous and Non-intrusive User Authentication with Multivariate Keystroke Streaming},
	Year = {2017}}

@inproceedings{Xia:ECML:2017,
	Author = {Xia Cui and Frans Coenen and Danushka Bollegala},
	Booktitle = {Proc. of the European Conference on Machine Learning and Principles and Practice of Knowledge Discovery in Databases (ECML-PKDD)},
	Date-Added = {2017-09-13 11:46:27 +0000},
	Date-Modified = {2018-06-21 01:51:21 +0000},
	Pages = {754--771},
	Title = {TSP: Learning Task-Specific Pivots for Unsupervised Domain Adaptation},
	Year = {2017}}

@inproceedings{Xia:LIDTA:2017,
	Author = {Xia Cui and Frans Coenen and Danushka Bollegala},
	Booktitle = {Proc. of the Wokshop on Learning With Imbalanced Domains: Theory and Applications (LIDTA) at the European Conference on Machine Learning and Principles and Practice of Knowledge Discovery in Databases (ECML-PKDD)},
	Date-Added = {2017-09-13 11:46:03 +0000},
	Date-Modified = {2018-06-21 01:51:58 +0000},
	Pages = {103--115},
	Title = {Effect of Data Imbalance on Unsupervised Domain Adaptation of Part-of-Speech Tagging and Pivot Selection Strategies},
	Year = {2017}}

@inproceedings{Angrosh:PACLING:2017,
	Author = {Angrosh Mandya and Danushka Bollegala and Frans Coenen and Katie Atkinson},
	Booktitle = {Proc. of the 15th International Conference of the Pacific Association for Computational Linguistics (PACLING)},
	Date-Added = {2017-05-25 23:29:02 +0000},
	Date-Modified = {2018-06-21 01:59:44 +0000},
	Pages = {51--62},
	Title = {Frame-based Semantic Patterns for Relation Extraction},
	Year = {2017}}

@inproceedings{Pavithra:PACLING:2017,
	Author = {Pavithra Rajendran and Danushka Bollegala and Simon Parsons},
	Booktitle = {Proc. of the 15th International Conference of the Pacific Association for Computational Linguistics (PACLING)},
	Date-Added = {2017-05-25 23:28:55 +0000},
	Date-Modified = {2018-06-21 02:01:57 +0000},
	Pages = {1--12},
	Title = {Identifying Argument based Relation Properties in Opinions},
	Year = {2017}}

@inproceedings{Huda:PACLING:2017,
	Author = {Huda Hakami and Danushka Bollegala},
	Booktitle = {Proc. of the 15th International Conference of the Pacific Association for Computational Linguistics (PACLING)},
	Date-Added = {2017-05-25 23:28:46 +0000},
	Date-Modified = {2018-06-21 01:58:55 +0000},
	Pages = {76--87},
	Title = {Discovering Representative Space for Relational Similarity Measurement},
	Year = {2017}}

@inproceedings{Hernault:CICLING:2011,
	Author = {Hugo Hernault and Danushka Bollegala and Mitsuru Ishizuka},
	Booktitle = {Proc. of CICLing},
	Date-Added = {2017-05-13 13:30:16 +0000},
	Date-Modified = {2017-12-05 22:25:39 +0000},
	Location = {Tokyo, Japan},
	Pages = {340 -- 352},
	Title = {Semi-Supervised Discourse Relation Classification with Structural Learning},
	Year = {2011}}

@inproceedings{Bollegala:GoTAL:2008,
	Author = {Danushka Bollegala and Taiki Honma and Yutaka Matsuo and Mitsuru Ishizuka},
	Booktitle = {Proc. of the 6th International Conference on Natural Language Processing (GoTAL 2008)},
	Date-Added = {2017-05-13 13:21:12 +0000},
	Date-Modified = {2017-05-13 13:21:12 +0000},
	Location = {Gothenburg, Sweeden},
	Pages = {77 -- 88},
	Title = {Automatically Extracting Personal Name Aliases from the Web},
	Year = {2008}}

@inproceedings{Bollegala:IJCNLP:2008,
	Author = {Danushka Bollegala and Yutaka Matsuo and Mitsuru Ishizuka},
	Booktitle = {Proc. of the 3rd International Joint Conferences on Natural Language Processing (IJCNLP 2008)},
	Date-Added = {2017-05-13 13:20:38 +0000},
	Date-Modified = {2017-05-13 13:20:38 +0000},
	Location = {Hyderabad, India},
	Pages = {865 -- 870},
	Title = {A Co-occurrence Graph-based Approach for Personal Name Alias Extraction from Anchor Texts},
	Year = {2008}}

@inproceedings{Bollegala:WWW:2008b,
	Author = {Danushka Bollegala and Taiki Honma and Yutaka Matsuo and Mitsuru Ishizuka},
	Booktitle = {Proc. of WWW 2008 Workshop on Social Web Search and Mining},
	Date-Added = {2017-05-13 13:20:29 +0000},
	Date-Modified = {2017-05-13 13:20:29 +0000},
	Location = {Beijing, China},
	Title = {Identification of Personal Name Aliases on the Web},
	Year = {2008}}

@inproceedings{Bollegala:WWW:2008a,
	Author = {Danushka Bollegala and Taiki Honma and Yutaka Matsuo and Mitsuru Ishizuka},
	Booktitle = {Proc. of the 17th International World Wide Web Conference (WWW 2008)},
	Date-Added = {2017-05-13 13:20:15 +0000},
	Date-Modified = {2017-05-13 13:20:15 +0000},
	Location = {Beijing, China},
	Pages = {1107 -- 1108},
	Title = {Mining for Personal Name Aliases on the Web},
	Year = {2008}}

@inproceedings{Goto:PRICAI:2010,
	Author = {Tomokazu Goto and Nguyen Duc and Danushka Bollegala and Mitsuru Ishizuka},
	Booktitle = {Proc. of the 11th Pacific Rim International Conference on Artificial Intelligence (PRICAI 2010)},
	Date-Added = {2017-05-13 13:08:01 +0000},
	Date-Modified = {2017-05-13 13:08:01 +0000},
	Location = {Daegu, South Korea},
	Pages = {595 -- 600},
	Title = {Exploiting Symmetry in Relational Similarity for Ranking Relational Search Results},
	Year = {2010}}

@inproceedings{Hernault:SIGDIAL:2010,
	Author = {Hugo Hernault and Danushka Bollegala and Mitsuru Ishizuka},
	Booktitle = {Proc. of the 11th Annual SIGdial Meeting on Discourse and Dialogue (SIGDIAL 2010)},
	Date-Added = {2017-05-13 13:07:14 +0000},
	Date-Modified = {2017-05-13 13:07:14 +0000},
	Location = {Tokyo, Japan},
	Pages = {55 -- 58},
	Title = {Towards Semi-Supervised Classification of Discourse Relations using Feature Correlations},
	Year = {2010}}

@inproceedings{Bollegala:ICAFs:2011,
	Author = {Danushka Bollegala},
	Booktitle = {Proc. of the IEEE International Conference on Information and Automation for Sustainability (ICAfs)},
	Date-Added = {2017-05-13 06:32:02 +0000},
	Date-Modified = {2017-05-13 13:35:31 +0000},
	Location = {Colombo, Sri Lanka},
	Pages = {323 -- 328},
	Title = {A Supervised Ranking Approach for Detecting Relationally Similar Word Pairs},
	Year = {2011}}

@inproceedings{Li:CICLING:2011,
	Author = {Haibo Li and Danushka Bollegala and Yutaka Matsuo and Mitsuru Ishizuka},
	Booktitle = {Proc. of the Conference on Intelligent Text Processing and Computational Linguistics (CICLing)},
	Date-Added = {2017-05-13 06:31:36 +0000},
	Date-Modified = {2017-05-13 13:34:11 +0000},
	Location = {Tokyo, Japan},
	Pages = {127 -- 138},
	Title = {Using Graph based Method to Improve Bootstrapping Relation Extraction},
	Year = {2011}}

@inproceedings{Bollegala:WWW:2011,
	Author = {Danushka Bollegala and Yutaka Matsuo and Mitsuru Ishizuka},
	Booktitle = {Proc. of the 20th International World Wide Web Conference (WWW)},
	Date-Added = {2017-05-13 06:31:09 +0000},
	Date-Modified = {2017-05-13 13:34:44 +0000},
	Location = {Hyderabad, India},
	Pages = {13 -- 14},
	Title = {From Actors, Politicians, to CEOs: Domain Adaptation of Relational Extractors using a Latent Relational Mapping},
	Year = {2011}}

@inproceedings{Noman:CEC:2011,
	Author = {Nasimul Noman and Danushka Bollegala and Hitoshi Iba},
	Booktitle = {Proc. of the IEEE Congress on Evolutionary Computation (IEEE CEC)},
	Date-Added = {2017-05-13 06:30:44 +0000},
	Date-Modified = {2017-05-13 13:35:19 +0000},
	Location = {New Orleans, USA},
	Pages = {2229 -- 2236},
	Title = {An Adaptive Differential Evolution Algorithm},
	Year = {2011}}

@inproceedings{Noman:GECCO:2011,
	Author = {Nasimul Noman and Danushka Bollegala and Hitoshi Iba},
	Booktitle = {Proc. of the Genetic and Evolutionary Computation Conference (GECCO)},
	Date-Added = {2017-05-13 06:30:30 +0000},
	Date-Modified = {2017-05-13 13:35:01 +0000},
	Location = {Dublin, Ireland},
	Pages = {1099 -- 1106},
	Title = {Differential Evolution with Self Adaptive Local Search},
	Year = {2011}}

@inproceedings{Sato:CEC:2012,
	Author = {Hiroyuki Sato and Yoshihiko Hasegawa and Danushka Bollegala and Hitoshi Iba},
	Booktitle = {Proc. of the IEEE Congress on Evolutionary Computation (CEC 2012)},
	Date-Added = {2017-05-11 11:15:39 +0000},
	Date-Modified = {2017-05-11 11:15:39 +0000},
	Location = {Brisbane, Australia},
	Pages = {1--8},
	Title = {Probabilistic Model Building GP with Belief Propagation},
	Year = {2012}}

@inproceedings{Tacoa:ICSC:2012,
	Author = {Francisco Tacoa and Danushka Bollegala and Mitsuru Ishizuka},
	Booktitle = {Proc. of 6th IEEE International Conference on Semantic Computing (ICSC 2012)},
	Date-Added = {2017-05-11 11:14:58 +0000},
	Date-Modified = {2017-05-11 11:14:58 +0000},
	Location = {Palremo, Italy},
	Pages = {339--341},
	Title = {A Context Expansion Method for Supervised Word Sense Disambiguation},
	Year = {2012}}

@inproceedings{Sato:CEC:2013,
	Author = {Hiroyuki Sato and Danushka Bollegala and Yoshihiko Hasegawa and Hitoshi Iba},
	Booktitle = {Proc. of IEEE Congress on Evolutionary Computation (CEC 2013)},
	Date-Added = {2017-05-11 11:08:26 +0000},
	Date-Modified = {2017-05-11 11:08:26 +0000},
	Location = {Cancun, Mexico},
	Pages = {3371 -- 3378},
	Title = {Learning Non-linear Ranking Functions for Web Search using Probabilistic Model Building GP},
	Year = {2013}}

@inproceedings{Kuyten:ECIR:2015,
	Author = {Pascal Kuyten and Danushka Bollegala and Bernd Hollerit and Helmut Prendinger and Kiyoharu Aizawa},
	Booktitle = {Proc. of 37th European Conference on Information Retrieval (ECIR 2015)},
	Date-Added = {2017-05-11 11:05:17 +0000},
	Date-Modified = {2017-05-11 11:05:17 +0000},
	Location = {Vienna, Austria},
	Pages = {80--91},
	Title = {A Discourse Search Engine based on Rhetorical Structure Theory},
	Year = {2015}}

@inproceedings{Alsheri:DAWAK:2016,
	Author = {Abdullah Alsheri and Frans Coenen and and Danushka Bollegala},
	Booktitle = {Proc. of 18th International Conference on Big Data Analytics and Knowledge Discovery (DaWak 2016)},
	Date-Added = {2017-05-11 11:03:29 +0000},
	Date-Modified = {2017-05-11 11:03:29 +0000},
	Location = {Porto, Portugal},
	Pages = {239--252},
	Title = {Keyboard Usage Authentication using Time Series Analysis},
	Year = {2016}}

@inproceedings{Rajendran:COMMA:2016,
	Author = {Pavithra Rajendran and Danushka Bollegala and Simon Parsons},
	Booktitle = {Proc. of 6th International Conference on Computational Models of Argument (COMMA)},
	Date-Added = {2017-05-11 11:03:00 +0000},
	Date-Modified = {2017-05-11 11:03:00 +0000},
	Location = {Postdam, Germany},
	Pages = {431--438},
	Title = {Assessing weight of opinion by aggregating coalitions of arguments},
	Year = {2016}}

@inproceedings{Alsheri:SGAI:2016,
	Author = {Abdullah Alsheri and Frans Coenen and and Danushka Bollegala},
	Booktitle = {Proc. of the 36th SGAI International Conference on Artificial Intelligence (SGAI), Research and Development in Intelligent Systems XXXIIII},
	Date-Added = {2017-05-11 11:02:41 +0000},
	Date-Modified = {2017-05-11 11:02:41 +0000},
	Pages = {325--339},
	Publisher = {Springer},
	Title = {Towards Keystroke Continuous Authentication Using Time Series Analytics},
	Year = {2016}}

@inproceedings{Mandya:CICLing:2017,
	Author = {Angrosh Mandya and Danushka Bollegala and Frans Coenen and Katie Atkinson},
	Booktitle = {Proc. of the International Conference on Computational Linguistics and Intelligent Text Processing (CICLing)},
	Date-Added = {2017-05-11 11:00:58 +0000},
	Date-Modified = {2018-06-21 02:06:16 +0000},
	Pages = {1--16},
	Publisher = {LNCS, Springer},
	Title = {Classifier-based Pattern Selection Approach for Relation Instance Extraction},
	Year = {2017}}

@inproceedings{Matias:ICAIL:2017,
	Author = {Matias Garcia-Constantino and Katie Atkinson and Danushka Bollegala and Karl Chapman and Frans Coenen and Clare Roberts and Katy Robson},
	Booktitle = {Proc. of the 16th International Conference on Artificial Intelligence and Law (ICAIL)},
	Date-Added = {2017-05-11 11:00:41 +0000},
	Date-Modified = {2018-06-21 01:57:19 +0000},
	Pages = {79--87},
	Title = {CLIEL: Context-Based Information Extraction from Commercial Law Documents},
	Year = {2017}}

@inproceedings{Rajendran:ACL:2016,
	Author = {Pavithra Rajendran and Danushka Bollegala and Simon Parsons},
	Booktitle = {Proc. of the 3rd Workshop on Argument Mining},
	Date-Added = {2017-05-09 13:52:24 +0000},
	Date-Modified = {2017-05-09 13:52:24 +0000},
	Keywords = {Argumentation, My Papers},
	Pages = {31--39},
	Read = {1},
	Title = {Contextual stance classification of opinions: A step towards enthymeme reconstruction in online reviews},
	Year = {2016},
	Bdsk-File-1 = {YnBsaXN0MDDUAQIDBAUGJCVYJHZlcnNpb25YJG9iamVjdHNZJGFyY2hpdmVyVCR0b3ASAAGGoKgHCBMUFRYaIVUkbnVsbNMJCgsMDxJXTlMua2V5c1pOUy5vYmplY3RzViRjbGFzc6INDoACgAOiEBGABIAFgAdccmVsYXRpdmVQYXRoWWFsaWFzRGF0YV8Qay4uL1Jlc2VhcmNoIFBhcGVycy9QYXBlcnMvQ29udGV4dHVhbCBzdGFuY2UgY2xhc3NpZmljYXRpb24gb2Ygb3BpbmlvbnMgQSBzdGVwX1JhamVuZHJhbkJvbGxlZ2FsYVBhcnNvbnMucGRm0hcLGBlXTlMuZGF0YU8RAqAAAAAAAqAAAgAADE1hY2ludG9zaCBIRAAAAAAAAAAAAAAAAAAAANHnhsJIKwAAAA8V5h9Db250ZXh0dWFsIHN0YW5jZSBjIzZENjg1RTIucGRmAAAAAAAAAAAAAAAAAAAAAAAAAAAAAAAAAAAAAAAAAAAG1oXi1Ep+GVBERiAAAAAAAAEAAwAACSAAAAAAAAAAAAAAAAAAAAAGUGFwZXJzABAACAAA0ed4sgAAABEACAAA1Ep+GQAAAAEAGAAPFeYADw6AAA78wAAOqSUACaTOAAKYXAACAGdNYWNpbnRvc2ggSEQ6VXNlcnM6AGRhbnU6AERvY3VtZW50czoAUmVzZWFyY2g6AFJlc2VhcmNoIFBhcGVyczoAUGFwZXJzOgBDb250ZXh0dWFsIHN0YW5jZSBjIzZENjg1RTIucGRmAAAOAKQAUQBDAG8AbgB0AGUAeAB0AHUAYQBsACAAcwB0AGEAbgBjAGUAIABjAGwAYQBzAHMAaQBmAGkAYwBhAHQAaQBvAG4AIABvAGYAIABvAHAAaQBuAGkAbwBuAHMAIABBACAAcwB0AGUAcABfAFIAYQBqAGUAbgBkAHIAYQBuAEIAbwBsAGwAZQBnAGEAbABhAFAAYQByAHMAbwBuAHMALgBwAGQAZgAPABoADABNAGEAYwBpAG4AdABvAHMAaAAgAEgARAASAIZVc2Vycy9kYW51L0RvY3VtZW50cy9SZXNlYXJjaC9SZXNlYXJjaCBQYXBlcnMvUGFwZXJzL0NvbnRleHR1YWwgc3RhbmNlIGNsYXNzaWZpY2F0aW9uIG9mIG9waW5pb25zIEEgc3RlcF9SYWplbmRyYW5Cb2xsZWdhbGFQYXJzb25zLnBkZgATAAEvAAAVAAIAC///AACABtIbHB0eWiRjbGFzc25hbWVYJGNsYXNzZXNdTlNNdXRhYmxlRGF0YaMdHyBWTlNEYXRhWE5TT2JqZWN00hscIiNcTlNEaWN0aW9uYXJ5oiIgXxAPTlNLZXllZEFyY2hpdmVy0SYnVHJvb3SAAQAIABEAGgAjAC0AMgA3AEAARgBNAFUAYABnAGoAbABuAHEAcwB1AHcAhACOAPwBAQEJA60DrwO0A78DyAPWA9oD4QPqA+8D/AP/BBEEFAQZAAAAAAAAAgEAAAAAAAAAKAAAAAAAAAAAAAAAAAAABBs=}}

@inproceedings{Bollegala:AAAI:2016,
	Author = {Danushka Bollegala and Alsuhaibani Mohammed and Takanori Maehara and Ken-ichi Kawarabayashi},
	Booktitle = {Proc. of AAAI},
	Date-Added = {2017-05-09 13:52:24 +0000},
	Date-Modified = {2017-05-09 13:52:24 +0000},
	Keywords = {My Papers, Word Representations},
	Pages = {2690--2696},
	Title = {Joint Word Representation Learning using a Corpus and a Semantic Lexicon},
	Year = {2016},
	Bdsk-File-1 = {YnBsaXN0MDDUAQIDBAUGJCVYJHZlcnNpb25YJG9iamVjdHNZJGFyY2hpdmVyVCR0b3ASAAGGoKgHCBMUFRYaIVUkbnVsbNMJCgsMDxJXTlMua2V5c1pOUy5vYmplY3RzViRjbGFzc6INDoACgAOiEBGABIAFgAdccmVsYXRpdmVQYXRoWWFsaWFzRGF0YV8QWC4uL1Jlc2VhcmNoIFBhcGVycy9QYXBlcnMvQm9sbGVnYWxhQUFBSTIwMTZfSm9pbnQgV29yZCBSZXByZXNlbnRhdGlvbiBMZWFybmluZyB1c2luZy5wZGbSFwsYGVdOUy5kYXRhTxECaAAAAAACaAACAAAMTWFjaW50b3NoIEhEAAAAAAAAAAAAAAAAAAAA0eeGwkgrAAAADxXmH0JvbGxlZ2FsYUFBQUkyMDE2X0ojMTcxQjY2MS5wZGYAAAAAAAAAAAAAAAAAAAAAAAAAAAAAAAAAAAAAAAAAAAFxtmHSc3pNAAAAAAAAAAAAAQADAAAJIAAAAAAAAAAAAAAAAAAAAAZQYXBlcnMAEAAIAADR53iyAAAAEQAIAADSc3pNAAAAAQAYAA8V5gAPDoAADvzAAA6pJQAJpM4AAphcAAIAZ01hY2ludG9zaCBIRDpVc2VyczoAZGFudToARG9jdW1lbnRzOgBSZXNlYXJjaDoAUmVzZWFyY2ggUGFwZXJzOgBQYXBlcnM6AEJvbGxlZ2FsYUFBQUkyMDE2X0ojMTcxQjY2MS5wZGYAAA4AfgA+AEIAbwBsAGwAZQBnAGEAbABhAEEAQQBBAEkAMgAwADEANgBfAEoAbwBpAG4AdAAgAFcAbwByAGQAIABSAGUAcAByAGUAcwBlAG4AdABhAHQAaQBvAG4AIABMAGUAYQByAG4AaQBuAGcAIAB1AHMAaQBuAGcALgBwAGQAZgAPABoADABNAGEAYwBpAG4AdABvAHMAaAAgAEgARAASAHNVc2Vycy9kYW51L0RvY3VtZW50cy9SZXNlYXJjaC9SZXNlYXJjaCBQYXBlcnMvUGFwZXJzL0JvbGxlZ2FsYUFBQUkyMDE2X0pvaW50IFdvcmQgUmVwcmVzZW50YXRpb24gTGVhcm5pbmcgdXNpbmcucGRmAAATAAEvAAAVAAIAC///AACABtIbHB0eWiRjbGFzc25hbWVYJGNsYXNzZXNdTlNNdXRhYmxlRGF0YaMdHyBWTlNEYXRhWE5TT2JqZWN00hscIiNcTlNEaWN0aW9uYXJ5oiIgXxAPTlNLZXllZEFyY2hpdmVy0SYnVHJvb3SAAQAIABEAGgAjAC0AMgA3AEAARgBNAFUAYABnAGoAbABuAHEAcwB1AHcAhACOAOkA7gD2A2IDZANpA3QDfQOLA48DlgOfA6QDsQO0A8YDyQPOAAAAAAAAAgEAAAAAAAAAKAAAAAAAAAAAAAAAAAAAA9A=}}

@inproceedings{Bollegala:IJCAI:2015,
	Author = {Danushka Bollegala and Takanori Maehara and Ken-ichi Kawarabayashi},
	Booktitle = {Proc. of IJCAI},
	Date-Added = {2017-05-09 13:52:24 +0000},
	Date-Modified = {2017-05-09 13:52:24 +0000},
	Keywords = {Word Representations, My Papers},
	Pages = {1222 -- 1228},
	Title = {Embedding Semantic Relationas into Word Representations},
	Year = {2015},
	Bdsk-File-1 = {YnBsaXN0MDDUAQIDBAUGJCVYJHZlcnNpb25YJG9iamVjdHNZJGFyY2hpdmVyVCR0b3ASAAGGoKgHCBMUFRYaIVUkbnVsbNMJCgsMDxJXTlMua2V5c1pOUy5vYmplY3RzViRjbGFzc6INDoACgAOiEBGABIAFgAdccmVsYXRpdmVQYXRoWWFsaWFzRGF0YV8QWC4uL1Jlc2VhcmNoIFBhcGVycy9QYXBlcnMvQm9sbGVnYWxhSUpDQUkyMDE1X0VtYmVkZGluZyBTZW1hbnRpYyBSZWxhdGlvbmFzIGludG8gV29yZC5wZGbSFwsYGVdOUy5kYXRhTxECaAAAAAACaAACAAAMTWFjaW50b3NoIEhEAAAAAAAAAAAAAAAAAAAA0eeGwkgrAAAADxXmH0JvbGxlZ2FsYUlKQ0FJMjAxNV9FbSNGMTY0NC5wZGYAAAAAAAAAAAAAAAAAAAAAAAAAAAAAAAAAAAAAAAAAAAAPFkTRq1SFAAAAAAAAAAAAAQADAAAJIAAAAAAAAAAAAAAAAAAAAAZQYXBlcnMAEAAIAADR53iyAAAAEQAIAADRq0Z1AAAAAQAYAA8V5gAPDoAADvzAAA6pJQAJpM4AAphcAAIAZ01hY2ludG9zaCBIRDpVc2VyczoAZGFudToARG9jdW1lbnRzOgBSZXNlYXJjaDoAUmVzZWFyY2ggUGFwZXJzOgBQYXBlcnM6AEJvbGxlZ2FsYUlKQ0FJMjAxNV9FbSNGMTY0NC5wZGYAAA4AfgA+AEIAbwBsAGwAZQBnAGEAbABhAEkASgBDAEEASQAyADAAMQA1AF8ARQBtAGIAZQBkAGQAaQBuAGcAIABTAGUAbQBhAG4AdABpAGMAIABSAGUAbABhAHQAaQBvAG4AYQBzACAAaQBuAHQAbwAgAFcAbwByAGQALgBwAGQAZgAPABoADABNAGEAYwBpAG4AdABvAHMAaAAgAEgARAASAHNVc2Vycy9kYW51L0RvY3VtZW50cy9SZXNlYXJjaC9SZXNlYXJjaCBQYXBlcnMvUGFwZXJzL0JvbGxlZ2FsYUlKQ0FJMjAxNV9FbWJlZGRpbmcgU2VtYW50aWMgUmVsYXRpb25hcyBpbnRvIFdvcmQucGRmAAATAAEvAAAVAAIAC///AACABtIbHB0eWiRjbGFzc25hbWVYJGNsYXNzZXNdTlNNdXRhYmxlRGF0YaMdHyBWTlNEYXRhWE5TT2JqZWN00hscIiNcTlNEaWN0aW9uYXJ5oiIgXxAPTlNLZXllZEFyY2hpdmVy0SYnVHJvb3SAAQAIABEAGgAjAC0AMgA3AEAARgBNAFUAYABnAGoAbABuAHEAcwB1AHcAhACOAOkA7gD2A2IDZANpA3QDfQOLA48DlgOfA6QDsQO0A8YDyQPOAAAAAAAAAgEAAAAAAAAAKAAAAAAAAAAAAAAAAAAAA9A=}}

@inproceedings{Bollegala:ACL:2015,
	Author = {Danushka Bollegala and Takanori Maehara and Ken-ichi Kawarabayashi},
	Booktitle = {Proc. of ACL},
	Date-Added = {2017-05-09 13:52:24 +0000},
	Date-Modified = {2017-05-09 13:52:24 +0000},
	Keywords = {Domain adaptation, My Papers, sentiment analysis, Word Representations},
	Pages = {730 -- 740},
	Title = {Unsupervised Cross-Domain Word Representation Learning},
	Year = {2015}}

@inproceedings{Bollegala:ECAI:2006,
	Author = {Danushka Bollegala and Yutaka Matsuo and Mitsuru Ishizuka},
	Booktitle = {Proc. of the European Conference on Artificial Intelligence (ECAI)},
	Date-Added = {2017-05-09 13:52:24 +0000},
	Date-Modified = {2017-05-09 13:52:24 +0000},
	Keywords = {My Papers},
	Pages = {553 -- 557},
	Title = {Disambiguating Personal Names on the Web using Automatically Extracting Key Phrases},
	Year = {2006}}

@inproceedings{Bollegala:ACL:2006,
	Author = {Danushka Bollegala and Naoaki Okazaki and Mitsuru Ishizuka},
	Booktitle = {Proc. of the 21st International Conference on Computational Linguistics and 44th Annual Meeting of the ACL},
	Date-Added = {2017-05-09 13:52:24 +0000},
	Date-Modified = {2017-05-09 13:52:24 +0000},
	Keywords = {Sentence Ordering, My Papers},
	Pages = {385 -- 392},
	Title = {A Bottom-up Approach to Sentence Ordering for Multi-document Summarization},
	Year = {2006},
	Bdsk-File-1 = {YnBsaXN0MDDUAQIDBAUGJCVYJHZlcnNpb25YJG9iamVjdHNZJGFyY2hpdmVyVCR0b3ASAAGGoKgHCBMUFRYaIVUkbnVsbNMJCgsMDxJXTlMua2V5c1pOUy5vYmplY3RzViRjbGFzc6INDoACgAOiEBGABIAFgAdccmVsYXRpdmVQYXRoWWFsaWFzRGF0YV8Qay4uL1Jlc2VhcmNoIFBhcGVycy9QYXBlcnMvQm9sbGVnYWxhQUNMMjAwNl9BIEJvdHRvbS11cCBBcHByb2FjaCB0byBTZW50ZW5jZSBPcmRlcmluZyBmb3IgTXVsdGktZG9jdW1lbnQucGRm0hcLGBlXTlMuZGF0YU8RAqAAAAAAAqAAAgAADE1hY2ludG9zaCBIRAAAAAAAAAAAAAAAAAAAANHnhsJIKwAAAA8V5h9Cb2xsZWdhbGFBQ0wyMDA2X0EgQm8jRjE2NDIucGRmAAAAAAAAAAAAAAAAAAAAAAAAAAAAAAAAAAAAAAAAAAAADxZC0J3/KwAAAAAAAAAAAAEAAwAACSAAAAAAAAAAAAAAAAAAAAAGUGFwZXJzABAACAAA0ed4sgAAABEACAAA0J3/KwAAAAEAGAAPFeYADw6AAA78wAAOqSUACaTOAAKYXAACAGdNYWNpbnRvc2ggSEQ6VXNlcnM6AGRhbnU6AERvY3VtZW50czoAUmVzZWFyY2g6AFJlc2VhcmNoIFBhcGVyczoAUGFwZXJzOgBCb2xsZWdhbGFBQ0wyMDA2X0EgQm8jRjE2NDIucGRmAAAOAKQAUQBCAG8AbABsAGUAZwBhAGwAYQBBAEMATAAyADAAMAA2AF8AQQAgAEIAbwB0AHQAbwBtAC0AdQBwACAAQQBwAHAAcgBvAGEAYwBoACAAdABvACAAUwBlAG4AdABlAG4AYwBlACAATwByAGQAZQByAGkAbgBnACAAZgBvAHIAIABNAHUAbAB0AGkALQBkAG8AYwB1AG0AZQBuAHQALgBwAGQAZgAPABoADABNAGEAYwBpAG4AdABvAHMAaAAgAEgARAASAIZVc2Vycy9kYW51L0RvY3VtZW50cy9SZXNlYXJjaC9SZXNlYXJjaCBQYXBlcnMvUGFwZXJzL0JvbGxlZ2FsYUFDTDIwMDZfQSBCb3R0b20tdXAgQXBwcm9hY2ggdG8gU2VudGVuY2UgT3JkZXJpbmcgZm9yIE11bHRpLWRvY3VtZW50LnBkZgATAAEvAAAVAAIAC///AACABtIbHB0eWiRjbGFzc25hbWVYJGNsYXNzZXNdTlNNdXRhYmxlRGF0YaMdHyBWTlNEYXRhWE5TT2JqZWN00hscIiNcTlNEaWN0aW9uYXJ5oiIgXxAPTlNLZXllZEFyY2hpdmVy0SYnVHJvb3SAAQAIABEAGgAjAC0AMgA3AEAARgBNAFUAYABnAGoAbABuAHEAcwB1AHcAhACOAPwBAQEJA60DrwO0A78DyAPWA9oD4QPqA+8D/AP/BBEEFAQZAAAAAAAAAgEAAAAAAAAAKAAAAAAAAAAAAAAAAAAABBs=}}

@inproceedings{Bollegala:AAAI:2015,
	Author = {Danushka Bollegala and Takanori Maehara and Yuichi Yoshida and Ken-ichi Kawarabayashi},
	Booktitle = {Proc. of 29th AAAI Conference on Aritificial Intelligence},
	Date-Added = {2017-05-09 13:52:24 +0000},
	Date-Modified = {2017-05-13 14:21:48 +0000},
	Keywords = {My Papers, Word Representations},
	Location = {Texas, USA},
	Pages = {2146 -- 2152},
	Title = {Learning Word Representations from Relational Graphs},
	Year = {2015},
	Bdsk-File-1 = {YnBsaXN0MDDUAQIDBAUGJCVYJHZlcnNpb25YJG9iamVjdHNZJGFyY2hpdmVyVCR0b3ASAAGGoKgHCBMUFRYaIVUkbnVsbNMJCgsMDxJXTlMua2V5c1pOUy5vYmplY3RzViRjbGFzc6INDoACgAOiEBGABIAFgAdccmVsYXRpdmVQYXRoWWFsaWFzRGF0YV8QXS4uL1Jlc2VhcmNoIFBhcGVycy9QYXBlcnMvQm9sbGVnYWxhQUFBSTIwMTVfTGVhcm5pbmcgV29yZCBSZXByZXNlbnRhdGlvbnMgZnJvbSBSZWxhdGlvbmFsLnBkZtIXCxgZV05TLmRhdGFPEQJ2AAAAAAJ2AAIAAAxNYWNpbnRvc2ggSEQAAAAAAAAAAAAAAAAAAADR54bCSCsAAAAPFeYfQm9sbGVnYWxhQUFBSTIwMTVfTGVhI0YxNjQxLnBkZgAAAAAAAAAAAAAAAAAAAAAAAAAAAAAAAAAAAAAAAAAAAA8WQdCOyCAAAAAAAAAAAAABAAMAAAkgAAAAAAAAAAAAAAAAAAAABlBhcGVycwAQAAgAANHneLIAAAARAAgAANCOyCAAAAABABgADxXmAA8OgAAO/MAADqklAAmkzgACmFwAAgBnTWFjaW50b3NoIEhEOlVzZXJzOgBkYW51OgBEb2N1bWVudHM6AFJlc2VhcmNoOgBSZXNlYXJjaCBQYXBlcnM6AFBhcGVyczoAQm9sbGVnYWxhQUFBSTIwMTVfTGVhI0YxNjQxLnBkZgAADgCIAEMAQgBvAGwAbABlAGcAYQBsAGEAQQBBAEEASQAyADAAMQA1AF8ATABlAGEAcgBuAGkAbgBnACAAVwBvAHIAZAAgAFIAZQBwAHIAZQBzAGUAbgB0AGEAdABpAG8AbgBzACAAZgByAG8AbQAgAFIAZQBsAGEAdABpAG8AbgBhAGwALgBwAGQAZgAPABoADABNAGEAYwBpAG4AdABvAHMAaAAgAEgARAASAHhVc2Vycy9kYW51L0RvY3VtZW50cy9SZXNlYXJjaC9SZXNlYXJjaCBQYXBlcnMvUGFwZXJzL0JvbGxlZ2FsYUFBQUkyMDE1X0xlYXJuaW5nIFdvcmQgUmVwcmVzZW50YXRpb25zIGZyb20gUmVsYXRpb25hbC5wZGYAEwABLwAAFQACAAv//wAAgAbSGxwdHlokY2xhc3NuYW1lWCRjbGFzc2VzXU5TTXV0YWJsZURhdGGjHR8gVk5TRGF0YVhOU09iamVjdNIbHCIjXE5TRGljdGlvbmFyeaIiIF8QD05TS2V5ZWRBcmNoaXZlctEmJ1Ryb290gAEACAARABoAIwAtADIANwBAAEYATQBVAGAAZwBqAGwAbgBxAHMAdQB3AIQAjgDuAPMA+wN1A3cDfAOHA5ADngOiA6kDsgO3A8QDxwPZA9wD4QAAAAAAAAIBAAAAAAAAACgAAAAAAAAAAAAAAAAAAAPj}}

@inproceedings{Duc:WI:2010,
	Author = {Nguyen Tuan Duc and Danushka Bollegala and Mitsuru Ishizuka},
	Booktitle = {IEEE/WIC/ACM International Conference on Web Intelligence and Intelligent Agent Technology},
	Date-Added = {2017-05-09 13:52:24 +0000},
	Date-Modified = {2017-05-09 13:52:24 +0000},
	Keywords = {Relational Search, My Papers, Critical},
	Pages = {196 -- 199},
	Title = {Using relational similarity between word pairs for latent relational search on the web},
	Year = {2010},
	Bdsk-File-1 = {YnBsaXN0MDDUAQIDBAUGJCVYJHZlcnNpb25YJG9iamVjdHNZJGFyY2hpdmVyVCR0b3ASAAGGoKgHCBMUFRYaIVUkbnVsbNMJCgsMDxJXTlMua2V5c1pOUy5vYmplY3RzViRjbGFzc6INDoACgAOiEBGABIAFgAdccmVsYXRpdmVQYXRoWWFsaWFzRGF0YV8QUC4uL1Jlc2VhcmNoIFBhcGVycy9QYXBlcnMvRHVjV0kyMDEwX1VzaW5nIHJlbGF0aW9uYWwgc2ltaWxhcml0eSBiZXR3ZWVuIHdvcmQucGRm0hcLGBlXTlMuZGF0YU8RAlAAAAAAAlAAAgAADE1hY2ludG9zaCBIRAAAAAAAAAAAAAAAAAAAANHnhsJIKwAAAA8V5h9EdWNXSTIwMTBfVXNpbmcgcmVsYXQjRjE2QTQucGRmAAAAAAAAAAAAAAAAAAAAAAAAAAAAAAAAAAAAAAAAAAAADxak0JBKJ1BERiAAAAAAAAEAAwAACSAAAAAAAAAAAAAAAAAAAAAGUGFwZXJzABAACAAA0ed4sgAAABEACAAA0JBKJwAAAAEAGAAPFeYADw6AAA78wAAOqSUACaTOAAKYXAACAGdNYWNpbnRvc2ggSEQ6VXNlcnM6AGRhbnU6AERvY3VtZW50czoAUmVzZWFyY2g6AFJlc2VhcmNoIFBhcGVyczoAUGFwZXJzOgBEdWNXSTIwMTBfVXNpbmcgcmVsYXQjRjE2QTQucGRmAAAOAG4ANgBEAHUAYwBXAEkAMgAwADEAMABfAFUAcwBpAG4AZwAgAHIAZQBsAGEAdABpAG8AbgBhAGwAIABzAGkAbQBpAGwAYQByAGkAdAB5ACAAYgBlAHQAdwBlAGUAbgAgAHcAbwByAGQALgBwAGQAZgAPABoADABNAGEAYwBpAG4AdABvAHMAaAAgAEgARAASAGtVc2Vycy9kYW51L0RvY3VtZW50cy9SZXNlYXJjaC9SZXNlYXJjaCBQYXBlcnMvUGFwZXJzL0R1Y1dJMjAxMF9Vc2luZyByZWxhdGlvbmFsIHNpbWlsYXJpdHkgYmV0d2VlbiB3b3JkLnBkZgAAEwABLwAAFQACAAv//wAAgAbSGxwdHlokY2xhc3NuYW1lWCRjbGFzc2VzXU5TTXV0YWJsZURhdGGjHR8gVk5TRGF0YVhOU09iamVjdNIbHCIjXE5TRGljdGlvbmFyeaIiIF8QD05TS2V5ZWRBcmNoaXZlctEmJ1Ryb290gAEACAARABoAIwAtADIANwBAAEYATQBVAGAAZwBqAGwAbgBxAHMAdQB3AIQAjgDhAOYA7gNCA0QDSQNUA10DawNvA3YDfwOEA5EDlAOmA6kDrgAAAAAAAAIBAAAAAAAAACgAAAAAAAAAAAAAAAAAAAOw}}

@inproceedings{Bollegala:ACL:2014,
	Author = {Danushka Bollegala and David Weir and John Carroll},
	Booktitle = {Proc. of Association for Computational Linguistics (ACL)},
	Date-Added = {2017-05-09 13:52:24 +0000},
	Date-Modified = {2017-05-09 13:52:24 +0000},
	Keywords = {My Papers, Sentiment Analysis, Domain Adaptation},
	Pages = {613 -- 623},
	Title = {Learning to Predict Distributions of Words across Domains},
	Year = {2014},
	Bdsk-File-1 = {YnBsaXN0MDDUAQIDBAUGJCVYJHZlcnNpb25YJG9iamVjdHNZJGFyY2hpdmVyVCR0b3ASAAGGoKgHCBMUFRYaIVUkbnVsbNMJCgsMDxJXTlMua2V5c1pOUy5vYmplY3RzViRjbGFzc6INDoACgAOiEBGABIAFgAdccmVsYXRpdmVQYXRoWWFsaWFzRGF0YV8QYC4uL1Jlc2VhcmNoIFBhcGVycy9QYXBlcnMvQm9sbGVnYWxhQUNMMjAxNF9MZWFybmluZyB0byBQcmVkaWN0IERpc3RyaWJ1dGlvbnMgb2YgV29yZHMgYWNyb3NzLnBkZtIXCxgZV05TLmRhdGFPEQKAAAAAAAKAAAIAAAxNYWNpbnRvc2ggSEQAAAAAAAAAAAAAAAAAAADR54bCSCsAAAAPFeYfQm9sbGVnYWxhQUNMMjAxNF9MZWFyI0YxNjQzLnBkZgAAAAAAAAAAAAAAAAAAAAAAAAAAAAAAAAAAAAAAAAAAAA8WQ8/+jnwAAAAAAAAAAAABAAMAAAkgAAAAAAAAAAAAAAAAAAAABlBhcGVycwAQAAgAANHneLIAAAARAAgAAM/+gGwAAAABABgADxXmAA8OgAAO/MAADqklAAmkzgACmFwAAgBnTWFjaW50b3NoIEhEOlVzZXJzOgBkYW51OgBEb2N1bWVudHM6AFJlc2VhcmNoOgBSZXNlYXJjaCBQYXBlcnM6AFBhcGVyczoAQm9sbGVnYWxhQUNMMjAxNF9MZWFyI0YxNjQzLnBkZgAADgCOAEYAQgBvAGwAbABlAGcAYQBsAGEAQQBDAEwAMgAwADEANABfAEwAZQBhAHIAbgBpAG4AZwAgAHQAbwAgAFAAcgBlAGQAaQBjAHQAIABEAGkAcwB0AHIAaQBiAHUAdABpAG8AbgBzACAAbwBmACAAVwBvAHIAZABzACAAYQBjAHIAbwBzAHMALgBwAGQAZgAPABoADABNAGEAYwBpAG4AdABvAHMAaAAgAEgARAASAHtVc2Vycy9kYW51L0RvY3VtZW50cy9SZXNlYXJjaC9SZXNlYXJjaCBQYXBlcnMvUGFwZXJzL0JvbGxlZ2FsYUFDTDIwMTRfTGVhcm5pbmcgdG8gUHJlZGljdCBEaXN0cmlidXRpb25zIG9mIFdvcmRzIGFjcm9zcy5wZGYAABMAAS8AABUAAgAL//8AAIAG0hscHR5aJGNsYXNzbmFtZVgkY2xhc3Nlc11OU011dGFibGVEYXRhox0fIFZOU0RhdGFYTlNPYmplY3TSGxwiI1xOU0RpY3Rpb25hcnmiIiBfEA9OU0tleWVkQXJjaGl2ZXLRJidUcm9vdIABAAgAEQAaACMALQAyADcAQABGAE0AVQBgAGcAagBsAG4AcQBzAHUAdwCEAI4A8QD2AP4DggOEA4kDlAOdA6sDrwO2A78DxAPRA9QD5gPpA+4AAAAAAAACAQAAAAAAAAAoAAAAAAAAAAAAAAAAAAAD8A==}}

@inproceedings{Yokote:AAAI:2012,
	Author = {Ken-ichi Yokote and Danushka Bollegala and Mitsuru Ishizuka},
	Booktitle = {Proc. of the National Conference on Artificial Intelligence (AAAI)},
	Date-Added = {2017-05-09 13:52:24 +0000},
	Date-Modified = {2017-05-09 13:52:24 +0000},
	Keywords = {Textual Entailment, My Papers},
	Pages = {1720 -- 1726},
	Title = {Similarity is not Entailment -- Jointly Learning Similarity Transformations for Textual Entailment},
	Year = {2012}}

@inproceedings{Asif:2013,
	Author = {Muhammad Asif Hossain Khan and Danushka Bollegala and Guangwen Li and Kaoru Sezaki},
	Booktitle = {IEEE International Conference on Social Computing (SocialComp)},
	Date-Added = {2017-05-09 13:52:24 +0000},
	Date-Modified = {2017-05-09 13:52:24 +0000},
	Keywords = {Twitter, My Papers},
	Pages = {128 -- 133},
	Title = {Multi-Tweet Summarization of Real-Time Events},
	Year = {2013},
	Bdsk-File-1 = {YnBsaXN0MDDUAQIDBAUGJCVYJHZlcnNpb25YJG9iamVjdHNZJGFyY2hpdmVyVCR0b3ASAAGGoKgHCBMUFRYaIVUkbnVsbNMJCgsMDxJXTlMua2V5c1pOUy5vYmplY3RzViRjbGFzc6INDoACgAOiEBGABIAFgAdccmVsYXRpdmVQYXRoWWFsaWFzRGF0YV8QVC4uL1Jlc2VhcmNoIFBhcGVycy9QYXBlcnMvQXNpZjIwMTNfTXVsdGktVHdlZXQgU3VtbWFyaXphdGlvbiBvZiBSZWFsLVRpbWUgRXZlbnRzLnBkZtIXCxgZV05TLmRhdGFPEQJcAAAAAAJcAAIAAAxNYWNpbnRvc2ggSEQAAAAAAAAAAAAAAAAAAADR54bCSCsAAAAPFeYfQXNpZjIwMTNfTXVsdGktVHdlZXQgI0YxNjFGLnBkZgAAAAAAAAAAAAAAAAAAAAAAAAAAAAAAAAAAAAAAAAAAAA8WH9AQ9hwAAAAAAAAAAAABAAMAAAkgAAAAAAAAAAAAAAAAAAAABlBhcGVycwAQAAgAANHneLIAAAARAAgAANAQ6AwAAAABABgADxXmAA8OgAAO/MAADqklAAmkzgACmFwAAgBnTWFjaW50b3NoIEhEOlVzZXJzOgBkYW51OgBEb2N1bWVudHM6AFJlc2VhcmNoOgBSZXNlYXJjaCBQYXBlcnM6AFBhcGVyczoAQXNpZjIwMTNfTXVsdGktVHdlZXQgI0YxNjFGLnBkZgAADgB2ADoAQQBzAGkAZgAyADAAMQAzAF8ATQB1AGwAdABpAC0AVAB3AGUAZQB0ACAAUwB1AG0AbQBhAHIAaQB6AGEAdABpAG8AbgAgAG8AZgAgAFIAZQBhAGwALQBUAGkAbQBlACAARQB2AGUAbgB0AHMALgBwAGQAZgAPABoADABNAGEAYwBpAG4AdABvAHMAaAAgAEgARAASAG9Vc2Vycy9kYW51L0RvY3VtZW50cy9SZXNlYXJjaC9SZXNlYXJjaCBQYXBlcnMvUGFwZXJzL0FzaWYyMDEzX011bHRpLVR3ZWV0IFN1bW1hcml6YXRpb24gb2YgUmVhbC1UaW1lIEV2ZW50cy5wZGYAABMAAS8AABUAAgAL//8AAIAG0hscHR5aJGNsYXNzbmFtZVgkY2xhc3Nlc11OU011dGFibGVEYXRhox0fIFZOU0RhdGFYTlNPYmplY3TSGxwiI1xOU0RpY3Rpb25hcnmiIiBfEA9OU0tleWVkQXJjaGl2ZXLRJidUcm9vdIABAAgAEQAaACMALQAyADcAQABGAE0AVQBgAGcAagBsAG4AcQBzAHUAdwCEAI4A5QDqAPIDUgNUA1kDZANtA3sDfwOGA48DlAOhA6QDtgO5A74AAAAAAAACAQAAAAAAAAAoAAAAAAAAAAAAAAAAAAADwA==}}

@inproceedings{Bollegala:EMNLP:2009,
	Author = {Danushka Bollegala and Yutaka Matsuo and Mitsuru Ishizuka},
	Booktitle = {Empirical Methods in Natural Language Processing},
	Date-Added = {2017-05-09 13:52:24 +0000},
	Date-Modified = {2017-05-09 13:52:24 +0000},
	Keywords = {Relational Similarity, Semantic Similarity, My Papers},
	Pages = {803 -- 812},
	Title = {A Relational Model of Semantic Similarity between Words using Automatically Extracted Lexical Pattern Clusters from the Web},
	Year = {2009},
	Bdsk-File-1 = {YnBsaXN0MDDUAQIDBAUGJCVYJHZlcnNpb25YJG9iamVjdHNZJGFyY2hpdmVyVCR0b3ASAAGGoKgHCBMUFRYaIVUkbnVsbNMJCgsMDxJXTlMua2V5c1pOUy5vYmplY3RzViRjbGFzc6INDoACgAOiEBGABIAFgAdccmVsYXRpdmVQYXRoWWFsaWFzRGF0YV8QOS4uLy4uL1Jlc2VhcmNoL1Jlc2VhcmNoUGFwZXJzLzIwMTMvZGFudXNoa2EtRU1OTFAyMDA5LnBkZtIXCxgZV05TLmRhdGFPEQGUAAAAAAGUAAIAAAxNYWNpbnRvc2ggSEQAAAAAAAAAAAAAAAAAAAAAAAAAQkQAAf////8WZGFudXNoa2EtRU1OTFAyMDA5LnBkZgAAAAAAAAAAAAAAAAAAAAAAAAAAAAAAAAAAAAAAAAAAAAAAAAAAAAAA/////wAAAAAAAAAAAAAAAAACAAQAAAogY3UAAAAAAAAAAAAAAAAABDIwMTMAAgBILzpVc2VyczpkYW51OkRyb3Bib3g6UmVzZWFyY2g6UmVzZWFyY2hQYXBlcnM6MjAxMzpkYW51c2hrYS1FTU5MUDIwMDkucGRmAA4ALgAWAGQAYQBuAHUAcwBoAGsAYQAtAEUATQBOAEwAUAAyADAAMAA5AC4AcABkAGYADwAaAAwATQBhAGMAaQBuAHQAbwBzAGgAIABIAEQAEgBGVXNlcnMvZGFudS9Ecm9wYm94L1Jlc2VhcmNoL1Jlc2VhcmNoUGFwZXJzLzIwMTMvZGFudXNoa2EtRU1OTFAyMDA5LnBkZgATAAEvAAAVAAIAC///AACABtIbHB0eWiRjbGFzc25hbWVYJGNsYXNzZXNdTlNNdXRhYmxlRGF0YaMdHyBWTlNEYXRhWE5TT2JqZWN00hscIiNcTlNEaWN0aW9uYXJ5oiIgXxAPTlNLZXllZEFyY2hpdmVy0SYnVHJvb3SAAQAIABEAGgAjAC0AMgA3AEAARgBNAFUAYABnAGoAbABuAHEAcwB1AHcAhACOAMoAzwDXAm8CcQJ2AoECigKYApwCowKsArECvgLBAtMC1gLbAAAAAAAAAgEAAAAAAAAAKAAAAAAAAAAAAAAAAAAAAt0=}}

@inproceedings{Hernault:CICLING:2010,
	Author = {Hugo Hernault and Danushka Bollegala and Mitsuru Ishizuka},
	Booktitle = {International Conference on Intelligence Text Processing and Computational Linguistics (CICLing)},
	Date-Added = {2017-05-09 13:52:24 +0000},
	Date-Modified = {2017-05-09 13:52:24 +0000},
	Keywords = {Discourse Parsing, My Papers},
	Pages = {315 -- 326},
	Title = {A Sequential Model for Discourse Segmentation},
	Year = {2010},
	Bdsk-File-1 = {YnBsaXN0MDDUAQIDBAUGJCVYJHZlcnNpb25YJG9iamVjdHNZJGFyY2hpdmVyVCR0b3ASAAGGoKgHCBMUFRYaIVUkbnVsbNMJCgsMDxJXTlMua2V5c1pOUy5vYmplY3RzViRjbGFzc6INDoACgAOiEBGABIAFgAdccmVsYXRpdmVQYXRoWWFsaWFzRGF0YV8QMi4uLy4uL1Jlc2VhcmNoL1Jlc2VhcmNoUGFwZXJzLzIwMTMvQ0lDTGluZzIwMTAucGRm0hcLGBlXTlMuZGF0YU8RAXoAAAAAAXoAAgAADE1hY2ludG9zaCBIRAAAAAAAAAAAAAAAAAAAAAAAAABCRAAB/////w9DSUNMaW5nMjAxMC5wZGYAAAAAAAAAAAAAAAAAAAAAAAAAAAAAAAAAAAAAAAAAAAAAAAAAAAAAAAAAAAAAAAD/////AAAAAAAAAAAAAAAAAAIABAAACiBjdQAAAAAAAAAAAAAAAAAEMjAxMwACAEEvOlVzZXJzOmRhbnU6RHJvcGJveDpSZXNlYXJjaDpSZXNlYXJjaFBhcGVyczoyMDEzOkNJQ0xpbmcyMDEwLnBkZgAADgAgAA8AQwBJAEMATABpAG4AZwAyADAAMQAwAC4AcABkAGYADwAaAAwATQBhAGMAaQBuAHQAbwBzAGgAIABIAEQAEgA/VXNlcnMvZGFudS9Ecm9wYm94L1Jlc2VhcmNoL1Jlc2VhcmNoUGFwZXJzLzIwMTMvQ0lDTGluZzIwMTAucGRmAAATAAEvAAAVAAIAC///AACABtIbHB0eWiRjbGFzc25hbWVYJGNsYXNzZXNdTlNNdXRhYmxlRGF0YaMdHyBWTlNEYXRhWE5TT2JqZWN00hscIiNcTlNEaWN0aW9uYXJ5oiIgXxAPTlNLZXllZEFyY2hpdmVy0SYnVHJvb3SAAQAIABEAGgAjAC0AMgA3AEAARgBNAFUAYABnAGoAbABuAHEAcwB1AHcAhACOAMMAyADQAk4CUAJVAmACaQJ3AnsCggKLApACnQKgArICtQK6AAAAAAAAAgEAAAAAAAAAKAAAAAAAAAAAAAAAAAAAArw=}}

@inproceedings{Hugo:EMNLP:2010,
	Author = {Hugo Hernault and Danushka Bollegala and Mitsuru Ishizuka},
	Booktitle = {Empirical Methods in Natural Language Processing},
	Date-Added = {2017-05-09 13:52:24 +0000},
	Date-Modified = {2017-05-09 13:52:24 +0000},
	Keywords = {Discourse Parsing, My Papers},
	Pages = {399 -- 409},
	Title = {A Semi-Supervised Approach to Improve Classification of Infrequent Discourse Relations using Feature Vector Extension},
	Year = {2010},
	Bdsk-File-1 = {YnBsaXN0MDDUAQIDBAUGJCVYJHZlcnNpb25YJG9iamVjdHNZJGFyY2hpdmVyVCR0b3ASAAGGoKgHCBMUFRYaIVUkbnVsbNMJCgsMDxJXTlMua2V5c1pOUy5vYmplY3RzViRjbGFzc6INDoACgAOiEBGABIAFgAdccmVsYXRpdmVQYXRoWWFsaWFzRGF0YV8QMC4uLy4uL1Jlc2VhcmNoL1Jlc2VhcmNoUGFwZXJzLzIwMTMvRU1OTFAyMDEwLnBkZtIXCxgZV05TLmRhdGFPEQFyAAAAAAFyAAIAAAxNYWNpbnRvc2ggSEQAAAAAAAAAAAAAAAAAAAAAAAAAQkQAAf////8NRU1OTFAyMDEwLnBkZgAAAAAAAAAAAAAAAAAAAAAAAAAAAAAAAAAAAAAAAAAAAAAAAAAAAAAAAAAAAAAAAAAA/////wAAAAAAAAAAAAAAAAACAAQAAAogY3UAAAAAAAAAAAAAAAAABDIwMTMAAgA/LzpVc2VyczpkYW51OkRyb3Bib3g6UmVzZWFyY2g6UmVzZWFyY2hQYXBlcnM6MjAxMzpFTU5MUDIwMTAucGRmAAAOABwADQBFAE0ATgBMAFAAMgAwADEAMAAuAHAAZABmAA8AGgAMAE0AYQBjAGkAbgB0AG8AcwBoACAASABEABIAPVVzZXJzL2RhbnUvRHJvcGJveC9SZXNlYXJjaC9SZXNlYXJjaFBhcGVycy8yMDEzL0VNTkxQMjAxMC5wZGYAABMAAS8AABUAAgAL//8AAIAG0hscHR5aJGNsYXNzbmFtZVgkY2xhc3Nlc11OU011dGFibGVEYXRhox0fIFZOU0RhdGFYTlNPYmplY3TSGxwiI1xOU0RpY3Rpb25hcnmiIiBfEA9OU0tleWVkQXJjaGl2ZXLRJidUcm9vdIABAAgAEQAaACMALQAyADcAQABGAE0AVQBgAGcAagBsAG4AcQBzAHUAdwCEAI4AwQDGAM4CRAJGAksCVgJfAm0CcQJ4AoEChgKTApYCqAKrArAAAAAAAAACAQAAAAAAAAAoAAAAAAAAAAAAAAAAAAACsg==}}

@inproceedings{Bollegala:IJCAI:2013,
	Author = {Danushka Bollegala and Mitsuru Kusumoto and Yuichi Yoshida and Ken-ichi Kawarabayashi},
	Booktitle = {Proc. of International Joint Conferences on Artificial Intelligence},
	Date-Added = {2017-05-09 13:52:24 +0000},
	Date-Modified = {2017-05-09 13:52:24 +0000},
	Keywords = {Analogical Learning, Relation Extraction, Relation Adaptation, My Papers},
	Pages = {2064 -- 2070},
	Title = {Mining for Analogous Tuples from an Entity-Relation Graph},
	Year = {2013},
	Bdsk-File-1 = {YnBsaXN0MDDUAQIDBAUGJCVYJHZlcnNpb25YJG9iamVjdHNZJGFyY2hpdmVyVCR0b3ASAAGGoKgHCBMUFRYaIVUkbnVsbNMJCgsMDxJXTlMua2V5c1pOUy5vYmplY3RzViRjbGFzc6INDoACgAOiEBGABIAFgAdccmVsYXRpdmVQYXRoWWFsaWFzRGF0YV8QMS4uLy4uL1Jlc2VhcmNoL1Jlc2VhcmNoUGFwZXJzLzIwMTMvSUpDQUlfMjAxMy5wZGbSFwsYGVdOUy5kYXRhTxEBdAAAAAABdAACAAAMTWFjaW50b3NoIEhEAAAAAAAAAAAAAAAAAAAAAAAAAEJEAAH/////DklKQ0FJXzIwMTMucGRmAAAAAAAAAAAAAAAAAAAAAAAAAAAAAAAAAAAAAAAAAAAAAAAAAAAAAAAAAAAAAAAAAP////8AAAAAAAAAAAAAAAAAAgAEAAAKIGN1AAAAAAAAAAAAAAAAAAQyMDEzAAIAQC86VXNlcnM6ZGFudTpEcm9wYm94OlJlc2VhcmNoOlJlc2VhcmNoUGFwZXJzOjIwMTM6SUpDQUlfMjAxMy5wZGYADgAeAA4ASQBKAEMAQQBJAF8AMgAwADEAMwAuAHAAZABmAA8AGgAMAE0AYQBjAGkAbgB0AG8AcwBoACAASABEABIAPlVzZXJzL2RhbnUvRHJvcGJveC9SZXNlYXJjaC9SZXNlYXJjaFBhcGVycy8yMDEzL0lKQ0FJXzIwMTMucGRmABMAAS8AABUAAgAL//8AAIAG0hscHR5aJGNsYXNzbmFtZVgkY2xhc3Nlc11OU011dGFibGVEYXRhox0fIFZOU0RhdGFYTlNPYmplY3TSGxwiI1xOU0RpY3Rpb25hcnmiIiBfEA9OU0tleWVkQXJjaGl2ZXLRJidUcm9vdIABAAgAEQAaACMALQAyADcAQABGAE0AVQBgAGcAagBsAG4AcQBzAHUAdwCEAI4AwgDHAM8CRwJJAk4CWQJiAnACdAJ7AoQCiQKWApkCqwKuArMAAAAAAAACAQAAAAAAAAAoAAAAAAAAAAAAAAAAAAACtQ==}}

@inproceedings{Nori:AAAI:2012,
	Author = {Nozomi Nori and Danushka Bollegala and Hisashi Kashima},
	Booktitle = {AAAI'12},
	Date-Added = {2017-05-09 13:52:24 +0000},
	Date-Modified = {2017-05-09 13:52:24 +0000},
	Keywords = {Relation Extraction, Graph Algorithms, My Papers},
	Pages = {115 -- 121},
	Title = {Multinomial Relation Prediction in Social Data: A Dimension Reduction Approach},
	Year = {2012},
	Bdsk-File-1 = {YnBsaXN0MDDUAQIDBAUGJCVYJHZlcnNpb25YJG9iamVjdHNZJGFyY2hpdmVyVCR0b3ASAAGGoKgHCBMUFRYaIVUkbnVsbNMJCgsMDxJXTlMua2V5c1pOUy5vYmplY3RzViRjbGFzc6INDoACgAOiEBGABIAFgAdccmVsYXRpdmVQYXRoWWFsaWFzRGF0YV8QNS4uLy4uL1Jlc2VhcmNoL1Jlc2VhcmNoUGFwZXJzLzIwMTMvTm9yaV9BQUFJXzIwMTIucGRm0hcLGBlXTlMuZGF0YU8RAYQAAAAAAYQAAgAADE1hY2ludG9zaCBIRAAAAAAAAAAAAAAAAAAAAAAAAABCRAAB/////xJOb3JpX0FBQUlfMjAxMi5wZGYAAAAAAAAAAAAAAAAAAAAAAAAAAAAAAAAAAAAAAAAAAAAAAAAAAAAAAAAAAAD/////AAAAAFBERiAAAAAAAAIABAAACiBjdQAAAAAAAAAAAAAAAAAEMjAxMwACAEQvOlVzZXJzOmRhbnU6RHJvcGJveDpSZXNlYXJjaDpSZXNlYXJjaFBhcGVyczoyMDEzOk5vcmlfQUFBSV8yMDEyLnBkZgAOACYAEgBOAG8AcgBpAF8AQQBBAEEASQBfADIAMAAxADIALgBwAGQAZgAPABoADABNAGEAYwBpAG4AdABvAHMAaAAgAEgARAASAEJVc2Vycy9kYW51L0Ryb3Bib3gvUmVzZWFyY2gvUmVzZWFyY2hQYXBlcnMvMjAxMy9Ob3JpX0FBQUlfMjAxMi5wZGYAEwABLwAAFQACAAv//wAAgAbSGxwdHlokY2xhc3NuYW1lWCRjbGFzc2VzXU5TTXV0YWJsZURhdGGjHR8gVk5TRGF0YVhOU09iamVjdNIbHCIjXE5TRGljdGlvbmFyeaIiIF8QD05TS2V5ZWRBcmNoaXZlctEmJ1Ryb290gAEACAARABoAIwAtADIANwBAAEYATQBVAGAAZwBqAGwAbgBxAHMAdQB3AIQAjgDGAMsA0wJbAl0CYgJtAnYChAKIAo8CmAKdAqoCrQK/AsICxwAAAAAAAAIBAAAAAAAAACgAAAAAAAAAAAAAAAAAAALJ}}

@inproceedings{watanabe09,
	Author = {Keigo Watanabe and Danushka Bollegala and Yutaka Matsuo and Mitsuru Ishizuka},
	Booktitle = {Proceedings of the 2nd Web People Search Evaluation Workshop (WePS-09) at WWW'09},
	Date-Added = {2017-05-09 13:52:24 +0000},
	Date-Modified = {2017-05-09 13:52:24 +0000},
	Title = {A Two-Step Approach to Extracting Atrtibutes for People on the Web},
	Year = {2009},
	Bdsk-File-1 = {YnBsaXN0MDDUAQIDBAUGJCVYJHZlcnNpb25YJG9iamVjdHNZJGFyY2hpdmVyVCR0b3ASAAGGoKgHCBMUFRYaIVUkbnVsbNMJCgsMDxJXTlMua2V5c1pOUy5vYmplY3RzViRjbGFzc6INDoACgAOiEBGABIAFgAdccmVsYXRpdmVQYXRoWWFsaWFzRGF0YV8QNS4uLy4uL1Jlc2VhcmNoL1Jlc2VhcmNoUGFwZXJzLzIwMTIvZGFudV93ZXBzXzIwMDkucGRm0hcLGBlXTlMuZGF0YU8RAYQAAAAAAYQAAgAADE1hY2ludG9zaCBIRAAAAAAAAAAAAAAAAAAAAAAAAABCRAAB/////xJkYW51X3dlcHNfMjAwOS5wZGYAAAAAAAAAAAAAAAAAAAAAAAAAAAAAAAAAAAAAAAAAAAAAAAAAAAAAAAAAAAD/////AAAAAAAAAAAAAAAAAAIABAAACiBjdQAAAAAAAAAAAAAAAAAEMjAxMgACAEQvOlVzZXJzOmRhbnU6RHJvcGJveDpSZXNlYXJjaDpSZXNlYXJjaFBhcGVyczoyMDEyOmRhbnVfd2Vwc18yMDA5LnBkZgAOACYAEgBkAGEAbgB1AF8AdwBlAHAAcwBfADIAMAAwADkALgBwAGQAZgAPABoADABNAGEAYwBpAG4AdABvAHMAaAAgAEgARAASAEJVc2Vycy9kYW51L0Ryb3Bib3gvUmVzZWFyY2gvUmVzZWFyY2hQYXBlcnMvMjAxMi9kYW51X3dlcHNfMjAwOS5wZGYAEwABLwAAFQACAAv//wAAgAbSGxwdHlokY2xhc3NuYW1lWCRjbGFzc2VzXU5TTXV0YWJsZURhdGGjHR8gVk5TRGF0YVhOU09iamVjdNIbHCIjXE5TRGljdGlvbmFyeaIiIF8QD05TS2V5ZWRBcmNoaXZlctEmJ1Ryb290gAEACAARABoAIwAtADIANwBAAEYATQBVAGAAZwBqAGwAbgBxAHMAdQB3AIQAjgDGAMsA0wJbAl0CYgJtAnYChAKIAo8CmAKdAqoCrQK/AsICxwAAAAAAAAIBAAAAAAAAACgAAAAAAAAAAAAAAAAAAALJ}}

@inproceedings{Bollegala:ACL:2011,
	Author = {Danushka Bollegala and David Weir and John Carroll},
	Booktitle = {Proc. of Association for Computational Linguistics (ACL)},
	Date-Added = {2017-05-09 13:52:24 +0000},
	Date-Modified = {2017-05-13 13:34:28 +0000},
	Keywords = {Sentiment Analysis, My Papers},
	Pages = {132 -- 141},
	Title = {Using Multiple Sources to Construct a Sentiment Sensitive Thesaurus for Cross-Domain Sentiment Classification},
	Year = {2011},
	Bdsk-File-1 = {YnBsaXN0MDDUAQIDBAUGJCVYJHZlcnNpb25YJG9iamVjdHNZJGFyY2hpdmVyVCR0b3ASAAGGoKgHCBMUFRYaIVUkbnVsbNMJCgsMDxJXTlMua2V5c1pOUy5vYmplY3RzViRjbGFzc6INDoACgAOiEBGABIAFgAdccmVsYXRpdmVQYXRoWWFsaWFzRGF0YV8QOC4uLy4uL1Jlc2VhcmNoL1Jlc2VhcmNoUGFwZXJzLzIwMTIvZGFudXNoa2FfQUNMXzIwMTEucGRm0hcLGBlXTlMuZGF0YU8RAZIAAAAAAZIAAgAADE1hY2ludG9zaCBIRAAAAAAAAAAAAAAAAAAAAAAAAABCRAAB/////xVkYW51c2hrYV9BQ0xfMjAxMS5wZGYAAAAAAAAAAAAAAAAAAAAAAAAAAAAAAAAAAAAAAAAAAAAAAAAAAAAAAAD/////AAAAAAAAAAAAAAAAAAIABAAACiBjdQAAAAAAAAAAAAAAAAAEMjAxMgACAEcvOlVzZXJzOmRhbnU6RHJvcGJveDpSZXNlYXJjaDpSZXNlYXJjaFBhcGVyczoyMDEyOmRhbnVzaGthX0FDTF8yMDExLnBkZgAADgAsABUAZABhAG4AdQBzAGgAawBhAF8AQQBDAEwAXwAyADAAMQAxAC4AcABkAGYADwAaAAwATQBhAGMAaQBuAHQAbwBzAGgAIABIAEQAEgBFVXNlcnMvZGFudS9Ecm9wYm94L1Jlc2VhcmNoL1Jlc2VhcmNoUGFwZXJzLzIwMTIvZGFudXNoa2FfQUNMXzIwMTEucGRmAAATAAEvAAAVAAIAC///AACABtIbHB0eWiRjbGFzc25hbWVYJGNsYXNzZXNdTlNNdXRhYmxlRGF0YaMdHyBWTlNEYXRhWE5TT2JqZWN00hscIiNcTlNEaWN0aW9uYXJ5oiIgXxAPTlNLZXllZEFyY2hpdmVy0SYnVHJvb3SAAQAIABEAGgAjAC0AMgA3AEAARgBNAFUAYABnAGoAbABuAHEAcwB1AHcAhACOAMkAzgDWAmwCbgJzAn4ChwKVApkCoAKpAq4CuwK+AtAC0wLYAAAAAAAAAgEAAAAAAAAAKAAAAAAAAAAAAAAAAAAAAto=}}

@inproceedings{Tani:CIKM:2011,
	Author = {Naoki Tani and Danushka Bollegala and Naiwala Chandrasiri and Keisuke Okamoto and Kazunari Nawa and Shuhei Iitsuka and Yutaka Matsuo},
	Booktitle = {20th ACM International Conference on Information and Knowledge Management},
	Date-Added = {2017-05-09 13:52:24 +0000},
	Date-Modified = {2017-05-09 13:52:24 +0000},
	Keywords = {Collaborative Search},
	Pages = {2137 -- 2140},
	Title = {Collaborative Exploratory Search in Real-World Context},
	Year = {2011},
	Bdsk-File-1 = {YnBsaXN0MDDUAQIDBAUGJCVYJHZlcnNpb25YJG9iamVjdHNZJGFyY2hpdmVyVCR0b3ASAAGGoKgHCBMUFRYaIVUkbnVsbNMJCgsMDxJXTlMua2V5c1pOUy5vYmplY3RzViRjbGFzc6INDoACgAOiEBGABIAFgAdccmVsYXRpdmVQYXRoWWFsaWFzRGF0YV8QZy4uLy4uL1Jlc2VhcmNoL1Jlc2VhcmNoUGFwZXJzLzIwMTEvQ29sbGFib3JhdGl2ZSBFeHBsb3JhdG9yeSBTZWFyY2ggaW4gUmVhbC1Xb3JsZCBDb250ZXh0IENJS00gMjAxMS5wZGbSFwsYGVdOUy5kYXRhTxECTAAAAAACTAACAAAMTWFjaW50b3NoIEhEAAAAAAAAAAAAAAAAAAAAAAAAAEJEAAH/////H0NvbGxhYm9yYXRpdmUgRXhwbCNGRkZGRkZGRi5wZGYAAAAAAAAAAAAAAAAAAAAAAAAAAAAAAAAAAAAAAAAAAP////8AAAAAUERGIENBUk8AAgAEAAAKIGN1AAAAAAAAAAAAAAAAAAQyMDExAAIAdi86VXNlcnM6ZGFudTpEcm9wYm94OlJlc2VhcmNoOlJlc2VhcmNoUGFwZXJzOjIwMTE6Q29sbGFib3JhdGl2ZSBFeHBsb3JhdG9yeSBTZWFyY2ggaW4gUmVhbC1Xb3JsZCBDb250ZXh0IENJS00gMjAxMS5wZGYADgCKAEQAQwBvAGwAbABhAGIAbwByAGEAdABpAHYAZQAgAEUAeABwAGwAbwByAGEAdABvAHIAeQAgAFMAZQBhAHIAYwBoACAAaQBuACAAUgBlAGEAbAAtAFcAbwByAGwAZAAgAEMAbwBuAHQAZQB4AHQAIABDAEkASwBNACAAMgAwADEAMQAuAHAAZABmAA8AGgAMAE0AYQBjAGkAbgB0AG8AcwBoACAASABEABIAdFVzZXJzL2RhbnUvRHJvcGJveC9SZXNlYXJjaC9SZXNlYXJjaFBhcGVycy8yMDExL0NvbGxhYm9yYXRpdmUgRXhwbG9yYXRvcnkgU2VhcmNoIGluIFJlYWwtV29ybGQgQ29udGV4dCBDSUtNIDIwMTEucGRmABMAAS8AABUAAgAL//8AAIAG0hscHR5aJGNsYXNzbmFtZVgkY2xhc3Nlc11OU011dGFibGVEYXRhox0fIFZOU0RhdGFYTlNPYmplY3TSGxwiI1xOU0RpY3Rpb25hcnmiIiBfEA9OU0tleWVkQXJjaGl2ZXLRJidUcm9vdIABAAgAEQAaACMALQAyADcAQABGAE0AVQBgAGcAagBsAG4AcQBzAHUAdwCEAI4A+AD9AQUDVQNXA1wDZwNwA34DggOJA5IDlwOkA6cDuQO8A8EAAAAAAAACAQAAAAAAAAAoAAAAAAAAAAAAAAAAAAADww==}}

@inproceedings{Bollegala:GECCO:2011,
	Author = {Danushka Bollegala and Nasimul Noman and Hitoshi Iba},
	Booktitle = {Proc. of Genetic and Evolutionary Computation Conference (GECCO)},
	Date-Added = {2017-05-09 13:52:24 +0000},
	Date-Modified = {2017-05-13 06:29:46 +0000},
	Keywords = {Learning to Rank},
	Pages = {1771--1778},
	Title = {RankDE: Learning a Ranking Function for Information Retrieval using Differential Evolution},
	Year = {2011},
	Bdsk-File-1 = {YnBsaXN0MDDUAQIDBAUGJCVYJHZlcnNpb25YJG9iamVjdHNZJGFyY2hpdmVyVCR0b3ASAAGGoKgHCBMUFRYaIVUkbnVsbNMJCgsMDxJXTlMua2V5c1pOUy5vYmplY3RzViRjbGFzc6INDoACgAOiEBGABIAFgAdccmVsYXRpdmVQYXRoWWFsaWFzRGF0YV8QTC4uLy4uL1Jlc2VhcmNoL1RoZXNpcy9QYXN0L1JhbmtMZWFybi9SYW5rREVfSmFwYW5lc2UvR0VDQ09fZGFudXNoa2FfMjAxMS5wZGbSFwsYGVdOUy5kYXRhTxEBygAAAAABygACAAAMTWFjaW50b3NoIEhEAAAAAAAAAAAAAAAAAAAAAAAAAEJEAAH/////F0dFQ0NPX2RhbnVzaGthXzIwMTEucGRmAAAAAAAAAAAAAAAAAAAAAAAAAAAAAAAAAAAAAAAAAAAAAAAAAAAAAP////8AAAAAUERGIAAAAAAAAgAGAAAKIGN1AAAAAAAAAAAAAAAAAA9SYW5rREVfSmFwYW5lc2UAAAIAWy86VXNlcnM6ZGFudTpEcm9wYm94OlJlc2VhcmNoOlRoZXNpczpQYXN0OlJhbmtMZWFybjpSYW5rREVfSmFwYW5lc2U6R0VDQ09fZGFudXNoa2FfMjAxMS5wZGYAAA4AMAAXAEcARQBDAEMATwBfAGQAYQBuAHUAcwBoAGsAYQBfADIAMAAxADEALgBwAGQAZgAPABoADABNAGEAYwBpAG4AdABvAHMAaAAgAEgARAASAFlVc2Vycy9kYW51L0Ryb3Bib3gvUmVzZWFyY2gvVGhlc2lzL1Bhc3QvUmFua0xlYXJuL1JhbmtERV9KYXBhbmVzZS9HRUNDT19kYW51c2hrYV8yMDExLnBkZgAAEwABLwAAFQACAAv//wAAgAbSGxwdHlokY2xhc3NuYW1lWCRjbGFzc2VzXU5TTXV0YWJsZURhdGGjHR8gVk5TRGF0YVhOU09iamVjdNIbHCIjXE5TRGljdGlvbmFyeaIiIF8QD05TS2V5ZWRBcmNoaXZlctEmJ1Ryb290gAEACAARABoAIwAtADIANwBAAEYATQBVAGAAZwBqAGwAbgBxAHMAdQB3AIQAjgDdAOIA6gK4AroCvwLKAtMC4QLlAuwC9QL6AwcDCgMcAx8DJAAAAAAAAAIBAAAAAAAAACgAAAAAAAAAAAAAAAAAAAMm}}

@inproceedings{Duc:AAAI:2011,
	Author = {Nguyen Tuan Duc and Danushka Bollegala and Mitsuru Ishizuka},
	Booktitle = {Proc. of the Twenty-Fifth AAAI Conference on Artificial Intelligence},
	Date-Added = {2017-05-09 13:52:24 +0000},
	Date-Modified = {2017-05-09 13:52:24 +0000},
	Keywords = {Relational Search, My Papers, Critical},
	Pages = {1237 -- 1242},
	Title = {Cross-Language Latent Relational Search: Mapping Knowledge across Languages},
	Year = {2011},
	Bdsk-File-1 = {YnBsaXN0MDDUAQIDBAUGJCVYJHZlcnNpb25YJG9iamVjdHNZJGFyY2hpdmVyVCR0b3ASAAGGoKgHCBMUFRYaIVUkbnVsbNMJCgsMDxJXTlMua2V5c1pOUy5vYmplY3RzViRjbGFzc6INDoACgAOiEBGABIAFgAdccmVsYXRpdmVQYXRoWWFsaWFzRGF0YV8QNC4uLy4uL1Jlc2VhcmNoL1Jlc2VhcmNoUGFwZXJzLzIwMTEvRHVjIEFBQUkgMjAxMS5wZGbSFwsYGVdOUy5kYXRhTxEBggAAAAABggACAAAMTWFjaW50b3NoIEhEAAAAAAAAAAAAAAAAAAAAAAAAAEJEAAH/////EUR1YyBBQUFJIDIwMTEucGRmAAAAAAAAAAAAAAAAAAAAAAAAAAAAAAAAAAAAAAAAAAAAAAAAAAAAAAAAAAAAAP////8AAAAAAAAAAAAAAAAAAgAEAAAKIGN1AAAAAAAAAAAAAAAAAAQyMDExAAIAQy86VXNlcnM6ZGFudTpEcm9wYm94OlJlc2VhcmNoOlJlc2VhcmNoUGFwZXJzOjIwMTE6RHVjIEFBQUkgMjAxMS5wZGYAAA4AJAARAEQAdQBjACAAQQBBAEEASQAgADIAMAAxADEALgBwAGQAZgAPABoADABNAGEAYwBpAG4AdABvAHMAaAAgAEgARAASAEFVc2Vycy9kYW51L0Ryb3Bib3gvUmVzZWFyY2gvUmVzZWFyY2hQYXBlcnMvMjAxMS9EdWMgQUFBSSAyMDExLnBkZgAAEwABLwAAFQACAAv//wAAgAbSGxwdHlokY2xhc3NuYW1lWCRjbGFzc2VzXU5TTXV0YWJsZURhdGGjHR8gVk5TRGF0YVhOU09iamVjdNIbHCIjXE5TRGljdGlvbmFyeaIiIF8QD05TS2V5ZWRBcmNoaXZlctEmJ1Ryb290gAEACAARABoAIwAtADIANwBAAEYATQBVAGAAZwBqAGwAbgBxAHMAdQB3AIQAjgDFAMoA0gJYAloCXwJqAnMCgQKFAowClQKaAqcCqgK8Ar8CxAAAAAAAAAIBAAAAAAAAACgAAAAAAAAAAAAAAAAAAALG}}

@inproceedings{Bollegala:IJCAI:2011,
	Author = {Danushka Bollegala and Yutaka Matsuo and Mitsuru Ishizuka},
	Booktitle = {Proc. of International Joint Conferences in Artificial Intelligence (IJCAI)},
	Date-Added = {2017-05-09 13:52:24 +0000},
	Date-Modified = {2017-05-13 13:33:50 +0000},
	Keywords = {Relation Extraction, Domain Adaptation},
	Pages = {2205 -- 2210},
	Title = {Relation Adaptation: Learning to Extract Novel Relations with Minimum Supervision},
	Year = {2011},
	Bdsk-File-1 = {YnBsaXN0MDDUAQIDBAUGJCVYJHZlcnNpb25YJG9iamVjdHNZJGFyY2hpdmVyVCR0b3ASAAGGoKgHCBMUFRYaIVUkbnVsbNMJCgsMDxJXTlMua2V5c1pOUy5vYmplY3RzViRjbGFzc6INDoACgAOiEBGABIAFgAdccmVsYXRpdmVQYXRoWWFsaWFzRGF0YV8QUS4uLy4uL1Jlc2VhcmNoL1RoZXNpcy9Eb21haW5fQWRhcHRhdGlvbi9US0RFX1JBL1JldmlzaW9uMS9kYW51c2hrYV9pamNhaV8yMDExLnBkZtIXCxgZV05TLmRhdGFPEQHMAAAAAAHMAAIAAAxNYWNpbnRvc2ggSEQAAAAAAAAAAAAAAAAAAAAAAAAAQkQAAf////8XZGFudXNoa2FfaWpjYWlfMjAxMS5wZGYAAAAAAAAAAAAAAAAAAAAAAAAAAAAAAAAAAAAAAAAAAAAAAAAAAAAA/////wAAAABQREYgQ0FSTwACAAYAAAogY3UAAAAAAAAAAAAAAAAACVJldmlzaW9uMQAAAgBgLzpVc2VyczpkYW51OkRyb3Bib3g6UmVzZWFyY2g6VGhlc2lzOkRvbWFpbl9BZGFwdGF0aW9uOlRLREVfUkE6UmV2aXNpb24xOmRhbnVzaGthX2lqY2FpXzIwMTEucGRmAA4AMAAXAGQAYQBuAHUAcwBoAGsAYQBfAGkAagBjAGEAaQBfADIAMAAxADEALgBwAGQAZgAPABoADABNAGEAYwBpAG4AdABvAHMAaAAgAEgARAASAF5Vc2Vycy9kYW51L0Ryb3Bib3gvUmVzZWFyY2gvVGhlc2lzL0RvbWFpbl9BZGFwdGF0aW9uL1RLREVfUkEvUmV2aXNpb24xL2RhbnVzaGthX2lqY2FpXzIwMTEucGRmABMAAS8AABUAAgAL//8AAIAG0hscHR5aJGNsYXNzbmFtZVgkY2xhc3Nlc11OU011dGFibGVEYXRhox0fIFZOU0RhdGFYTlNPYmplY3TSGxwiI1xOU0RpY3Rpb25hcnmiIiBfEA9OU0tleWVkQXJjaGl2ZXLRJidUcm9vdIABAAgAEQAaACMALQAyADcAQABGAE0AVQBgAGcAagBsAG4AcQBzAHUAdwCEAI4A4gDnAO8CvwLBAsYC0QLaAugC7ALzAvwDAQMOAxEDIwMmAysAAAAAAAACAQAAAAAAAAAoAAAAAAAAAAAAAAAAAAADLQ==}}

@inproceedings{Nori:ICWSM:2011,
	Author = {Nozomi Nori and Danushka Bollegala and Mitsuru Ishizuka},
	Booktitle = {5th International AAAI Conference on Weblogs and Social Media (ICWSM)},
	Date-Added = {2017-05-09 13:52:24 +0000},
	Date-Modified = {2017-05-13 13:34:53 +0000},
	Keywords = {Interest Prediction},
	Pages = {241 -- 248},
	Title = {Exploiting User Interest on Social Media for Aggregating Diverse Data and Predicting Interest},
	Year = {2011},
	Bdsk-File-1 = {YnBsaXN0MDDUAQIDBAUGJCVYJHZlcnNpb25YJG9iamVjdHNZJGFyY2hpdmVyVCR0b3ASAAGGoKgHCBMUFRYaIVUkbnVsbNMJCgsMDxJXTlMua2V5c1pOUy5vYmplY3RzViRjbGFzc6INDoACgAOiEBGABIAFgAdccmVsYXRpdmVQYXRoWWFsaWFzRGF0YV8QTS4uLy4uL1Jlc2VhcmNoL1RoZXNpcy9Eb21haW5fQWRhcHRhdGlvbi9US0RFX1JBL1JldmlzaW9uMS9ub3JpX2ljd3NtXzIwMTEucGRm0hcLGBlXTlMuZGF0YU8RAbwAAAAAAbwAAgAADE1hY2ludG9zaCBIRAAAAAAAAAAAAAAAAAAAAAAAAABCRAAB/////xNub3JpX2ljd3NtXzIwMTEucGRmAAAAAAAAAAAAAAAAAAAAAAAAAAAAAAAAAAAAAAAAAAAAAAAAAAAAAAAAAAD/////AAAAAFBERiBDQVJPAAIABgAACiBjdQAAAAAAAAAAAAAAAAAJUmV2aXNpb24xAAACAFwvOlVzZXJzOmRhbnU6RHJvcGJveDpSZXNlYXJjaDpUaGVzaXM6RG9tYWluX0FkYXB0YXRpb246VEtERV9SQTpSZXZpc2lvbjE6bm9yaV9pY3dzbV8yMDExLnBkZgAOACgAEwBuAG8AcgBpAF8AaQBjAHcAcwBtAF8AMgAwADEAMQAuAHAAZABmAA8AGgAMAE0AYQBjAGkAbgB0AG8AcwBoACAASABEABIAWlVzZXJzL2RhbnUvRHJvcGJveC9SZXNlYXJjaC9UaGVzaXMvRG9tYWluX0FkYXB0YXRpb24vVEtERV9SQS9SZXZpc2lvbjEvbm9yaV9pY3dzbV8yMDExLnBkZgATAAEvAAAVAAIAC///AACABtIbHB0eWiRjbGFzc25hbWVYJGNsYXNzZXNdTlNNdXRhYmxlRGF0YaMdHyBWTlNEYXRhWE5TT2JqZWN00hscIiNcTlNEaWN0aW9uYXJ5oiIgXxAPTlNLZXllZEFyY2hpdmVy0SYnVHJvb3SAAQAIABEAGgAjAC0AMgA3AEAARgBNAFUAYABnAGoAbABuAHEAcwB1AHcAhACOAN4A4wDrAqsCrQKyAr0CxgLUAtgC3wLoAu0C+gL9Aw8DEgMXAAAAAAAAAgEAAAAAAAAAKAAAAAAAAAAAAAAAAAAAAxk=}}

@inproceedings{Nori:IJCAI:2011,
	Author = {Nozomi Nori and Danushka Bollegala and Mitsuru Ishizuka},
	Booktitle = {Proc. of International Joint Conferences in Artificial Intelligence (IJCAI)},
	Date-Added = {2017-05-09 13:52:24 +0000},
	Date-Modified = {2017-05-13 06:28:56 +0000},
	Keywords = {Interest Prediction},
	Pages = {2507--2512},
	Title = {Interest Prediction on Multinomial, Time-Evolving Social Graphs},
	Year = {2011},
	Bdsk-File-1 = {YnBsaXN0MDDUAQIDBAUGJCVYJHZlcnNpb25YJG9iamVjdHNZJGFyY2hpdmVyVCR0b3ASAAGGoKgHCBMUFRYaIVUkbnVsbNMJCgsMDxJXTlMua2V5c1pOUy5vYmplY3RzViRjbGFzc6INDoACgAOiEBGABIAFgAdccmVsYXRpdmVQYXRoWWFsaWFzRGF0YV8QTS4uLy4uL1Jlc2VhcmNoL1RoZXNpcy9Eb21haW5fQWRhcHRhdGlvbi9US0RFX1JBL1JldmlzaW9uMS9ub3JpX2lqY2FpXzIwMTEucGRm0hcLGBlXTlMuZGF0YU8RAbwAAAAAAbwAAgAADE1hY2ludG9zaCBIRAAAAAAAAAAAAAAAAAAAAAAAAABCRAAB/////xNub3JpX2lqY2FpXzIwMTEucGRmAAAAAAAAAAAAAAAAAAAAAAAAAAAAAAAAAAAAAAAAAAAAAAAAAAAAAAAAAAD/////AAAAAFBERiBDQVJPAAIABgAACiBjdQAAAAAAAAAAAAAAAAAJUmV2aXNpb24xAAACAFwvOlVzZXJzOmRhbnU6RHJvcGJveDpSZXNlYXJjaDpUaGVzaXM6RG9tYWluX0FkYXB0YXRpb246VEtERV9SQTpSZXZpc2lvbjE6bm9yaV9pamNhaV8yMDExLnBkZgAOACgAEwBuAG8AcgBpAF8AaQBqAGMAYQBpAF8AMgAwADEAMQAuAHAAZABmAA8AGgAMAE0AYQBjAGkAbgB0AG8AcwBoACAASABEABIAWlVzZXJzL2RhbnUvRHJvcGJveC9SZXNlYXJjaC9UaGVzaXMvRG9tYWluX0FkYXB0YXRpb24vVEtERV9SQS9SZXZpc2lvbjEvbm9yaV9pamNhaV8yMDExLnBkZgATAAEvAAAVAAIAC///AACABtIbHB0eWiRjbGFzc25hbWVYJGNsYXNzZXNdTlNNdXRhYmxlRGF0YaMdHyBWTlNEYXRhWE5TT2JqZWN00hscIiNcTlNEaWN0aW9uYXJ5oiIgXxAPTlNLZXllZEFyY2hpdmVy0SYnVHJvb3SAAQAIABEAGgAjAC0AMgA3AEAARgBNAFUAYABnAGoAbABuAHEAcwB1AHcAhACOAN4A4wDrAqsCrQKyAr0CxgLUAtgC3wLoAu0C+gL9Aw8DEgMXAAAAAAAAAgEAAAAAAAAAKAAAAAAAAAAAAAAAAAAAAxk=}}

@inproceedings{Bollegala:WSDM:2009,
	Author = {Danushka Bollegala and Yutaka Matsuo and Mitsuru Ishizuka},
	Booktitle = {2nd International Conference on Web Search and Data Mining (WSDM'09)},
	Date-Added = {2017-05-09 13:52:24 +0000},
	Date-Modified = {2017-05-09 13:52:24 +0000},
	Keywords = {Relational Similarity},
	Pages = {104 -- 113},
	Title = {Measuring the Similarity between Implicit Semantic Relations using Web Search Engines},
	Year = {2009},
	Bdsk-File-1 = {YnBsaXN0MDDUAQIDBAUGJCVYJHZlcnNpb25YJG9iamVjdHNZJGFyY2hpdmVyVCR0b3ASAAGGoKgHCBMUFRYaIVUkbnVsbNMJCgsMDxJXTlMua2V5c1pOUy5vYmplY3RzViRjbGFzc6INDoACgAOiEBGABIAFgAdccmVsYXRpdmVQYXRoWWFsaWFzRGF0YV8QNS4uLy4uL1Jlc2VhcmNoL1Jlc2VhcmNoUGFwZXJzLzIwMTAvZGFudV93c2RtXzIwMDkucGRm0hcLGBlXTlMuZGF0YU8RAYQAAAAAAYQAAgAADE1hY2ludG9zaCBIRAAAAAAAAAAAAAAAAAAAAAAAAABCRAAB/////xJkYW51X3dzZG1fMjAwOS5wZGYAAAAAAAAAAAAAAAAAAAAAAAAAAAAAAAAAAAAAAAAAAAAAAAAAAAAAAAAAAAD/////AAAAAAAAAAAAAAAAAAIABAAACiBjdQAAAAAAAAAAAAAAAAAEMjAxMAACAEQvOlVzZXJzOmRhbnU6RHJvcGJveDpSZXNlYXJjaDpSZXNlYXJjaFBhcGVyczoyMDEwOmRhbnVfd3NkbV8yMDA5LnBkZgAOACYAEgBkAGEAbgB1AF8AdwBzAGQAbQBfADIAMAAwADkALgBwAGQAZgAPABoADABNAGEAYwBpAG4AdABvAHMAaAAgAEgARAASAEJVc2Vycy9kYW51L0Ryb3Bib3gvUmVzZWFyY2gvUmVzZWFyY2hQYXBlcnMvMjAxMC9kYW51X3dzZG1fMjAwOS5wZGYAEwABLwAAFQACAAv//wAAgAbSGxwdHlokY2xhc3NuYW1lWCRjbGFzc2VzXU5TTXV0YWJsZURhdGGjHR8gVk5TRGF0YVhOU09iamVjdNIbHCIjXE5TRGljdGlvbmFyeaIiIF8QD05TS2V5ZWRBcmNoaXZlctEmJ1Ryb290gAEACAARABoAIwAtADIANwBAAEYATQBVAGAAZwBqAGwAbgBxAHMAdQB3AIQAjgDGAMsA0wJbAl0CYgJtAnYChAKIAo8CmAKdAqoCrQK/AsICxwAAAAAAAAIBAAAAAAAAACgAAAAAAAAAAAAAAAAAAALJ}}

@inproceedings{Bollegala:WWW:2010,
	Author = {Danushka Bollegala and Yutaka Matsuo and Mitsuru Ishizuka},
	Booktitle = {Proc. of International World Wide Web Conference (WWW)},
	Date-Added = {2017-05-09 13:52:24 +0000},
	Date-Modified = {2017-05-13 13:23:35 +0000},
	Keywords = {Danu},
	Pages = {151 -- 160},
	Title = {Relational Duality: Unsupervised Extraction of Semantic Relations between Entities on the Web},
	Year = {2010},
	Bdsk-File-1 = {YnBsaXN0MDDUAQIDBAUGJCVYJHZlcnNpb25YJG9iamVjdHNZJGFyY2hpdmVyVCR0b3ASAAGGoKgHCBMUFRYaIVUkbnVsbNMJCgsMDxJXTlMua2V5c1pOUy5vYmplY3RzViRjbGFzc6INDoACgAOiEBGABIAFgAdccmVsYXRpdmVQYXRoWWFsaWFzRGF0YV8QSi4uLy4uL1Jlc2VhcmNoL1Jlc2VhcmNoUGFwZXJzLzIwMTAvZGFudXNoa2FfcmVsYXRpb25hX2R1YWxpdHlfd3d3XzIwMTAucGRm0hcLGBlXTlMuZGF0YU8RAdoAAAAAAdoAAgAADE1hY2ludG9zaCBIRAAAAAAAAAAAAAAAAAAAAAAAAABCRAAB/////x9kYW51c2hrYV9yZWxhdGlvbmEjRkZGRkZGRkYucGRmAAAAAAAAAAAAAAAAAAAAAAAAAAAAAAAAAAAAAAAAAAD/////AAAAAAAAAAAAAAAAAAIABAAACiBjdQAAAAAAAAAAAAAAAAAEMjAxMAACAFkvOlVzZXJzOmRhbnU6RHJvcGJveDpSZXNlYXJjaDpSZXNlYXJjaFBhcGVyczoyMDEwOmRhbnVzaGthX3JlbGF0aW9uYV9kdWFsaXR5X3d3d18yMDEwLnBkZgAADgBQACcAZABhAG4AdQBzAGgAawBhAF8AcgBlAGwAYQB0AGkAbwBuAGEAXwBkAHUAYQBsAGkAdAB5AF8AdwB3AHcAXwAyADAAMQAwAC4AcABkAGYADwAaAAwATQBhAGMAaQBuAHQAbwBzAGgAIABIAEQAEgBXVXNlcnMvZGFudS9Ecm9wYm94L1Jlc2VhcmNoL1Jlc2VhcmNoUGFwZXJzLzIwMTAvZGFudXNoa2FfcmVsYXRpb25hX2R1YWxpdHlfd3d3XzIwMTAucGRmAAATAAEvAAAVAAIAC///AACABtIbHB0eWiRjbGFzc25hbWVYJGNsYXNzZXNdTlNNdXRhYmxlRGF0YaMdHyBWTlNEYXRhWE5TT2JqZWN00hscIiNcTlNEaWN0aW9uYXJ5oiIgXxAPTlNLZXllZEFyY2hpdmVy0SYnVHJvb3SAAQAIABEAGgAjAC0AMgA3AEAARgBNAFUAYABnAGoAbABuAHEAcwB1AHcAhACOANsA4ADoAsYCyALNAtgC4QLvAvMC+gMDAwgDFQMYAyoDLQMyAAAAAAAAAgEAAAAAAAAAKAAAAAAAAAAAAAAAAAAAAzQ=}}

@inproceedings{Bollegala:WWW:2009,
	Author = {Danushka Bollegala and Yutaka Matsuo and Mitsuru Ishizuka},
	Booktitle = {Proc. of International World Wide Web Conference (WWW)},
	Date-Added = {2017-05-09 13:52:24 +0000},
	Date-Modified = {2017-05-13 13:22:23 +0000},
	Keywords = {Danu},
	Pages = {651 -- 660},
	Rating = {0},
	Read = {0},
	Title = {Measuring the Similarity between Implicit Semantic Relations from the Web},
	Year = {2009},
	Bdsk-File-1 = {YnBsaXN0MDDUAQIDBAUGJCVYJHZlcnNpb25YJG9iamVjdHNZJGFyY2hpdmVyVCR0b3ASAAGGoKgHCBMUFRYaIVUkbnVsbNMJCgsMDxJXTlMua2V5c1pOUy5vYmplY3RzViRjbGFzc6INDoACgAOiEBGABIAFgAdccmVsYXRpdmVQYXRoWWFsaWFzRGF0YV8QNC4uLy4uL1Jlc2VhcmNoL1Jlc2VhcmNoUGFwZXJzLzIwMTAvZGFudV93d3dfMjAwOS5wZGbSFwsYGVdOUy5kYXRhTxEBggAAAAABggACAAAMTWFjaW50b3NoIEhEAAAAAAAAAAAAAAAAAAAAAAAAAEJEAAH/////EWRhbnVfd3d3XzIwMDkucGRmAAAAAAAAAAAAAAAAAAAAAAAAAAAAAAAAAAAAAAAAAAAAAAAAAAAAAAAAAAAAAP////8AAAAAAAAAAAAAAAAAAgAEAAAKIGN1AAAAAAAAAAAAAAAAAAQyMDEwAAIAQy86VXNlcnM6ZGFudTpEcm9wYm94OlJlc2VhcmNoOlJlc2VhcmNoUGFwZXJzOjIwMTA6ZGFudV93d3dfMjAwOS5wZGYAAA4AJAARAGQAYQBuAHUAXwB3AHcAdwBfADIAMAAwADkALgBwAGQAZgAPABoADABNAGEAYwBpAG4AdABvAHMAaAAgAEgARAASAEFVc2Vycy9kYW51L0Ryb3Bib3gvUmVzZWFyY2gvUmVzZWFyY2hQYXBlcnMvMjAxMC9kYW51X3d3d18yMDA5LnBkZgAAEwABLwAAFQACAAv//wAAgAbSGxwdHlokY2xhc3NuYW1lWCRjbGFzc2VzXU5TTXV0YWJsZURhdGGjHR8gVk5TRGF0YVhOU09iamVjdNIbHCIjXE5TRGljdGlvbmFyeaIiIF8QD05TS2V5ZWRBcmNoaXZlctEmJ1Ryb290gAEACAARABoAIwAtADIANwBAAEYATQBVAGAAZwBqAGwAbgBxAHMAdQB3AIQAjgDFAMoA0gJYAloCXwJqAnMCgQKFAowClQKaAqcCqgK8Ar8CxAAAAAAAAAIBAAAAAAAAACgAAAAAAAAAAAAAAAAAAALG}}

@inproceedings{Bollegala_WWW_2007,
	Author = {D. Bollegala and Y. Matsuo and M. Ishizuka},
	Booktitle = {Proc. of WWW '07},
	Date-Added = {2017-05-09 13:52:24 +0000},
	Date-Modified = {2017-05-09 13:52:24 +0000},
	Pages = {757--766},
	Title = {Measuring semantic similarity between words using web search engines},
	Year = {2007},
	Bdsk-File-1 = {YnBsaXN0MDDUAQIDBAUGJCVYJHZlcnNpb25YJG9iamVjdHNZJGFyY2hpdmVyVCR0b3ASAAGGoKgHCBMUFRYaIVUkbnVsbNMJCgsMDxJXTlMua2V5c1pOUy5vYmplY3RzViRjbGFzc6INDoACgAOiEBGABIAFgAdccmVsYXRpdmVQYXRoWWFsaWFzRGF0YV8QNS4uLy4uL1Jlc2VhcmNoL1Jlc2VhcmNoUGFwZXJzLzIwMTIvZGFudXNoa2EtV1dXMDcucGRm0hcLGBlXTlMuZGF0YU8RAYQAAAAAAYQAAgAADE1hY2ludG9zaCBIRAAAAAAAAAAAAAAAAAAAAAAAAABCRAAB/////xJkYW51c2hrYS1XV1cwNy5wZGYAAAAAAAAAAAAAAAAAAAAAAAAAAAAAAAAAAAAAAAAAAAAAAAAAAAAAAAAAAAD/////AAAAAAAAAAAAAAAAAAIABAAACiBjdQAAAAAAAAAAAAAAAAAEMjAxMgACAEQvOlVzZXJzOmRhbnU6RHJvcGJveDpSZXNlYXJjaDpSZXNlYXJjaFBhcGVyczoyMDEyOmRhbnVzaGthLVdXVzA3LnBkZgAOACYAEgBkAGEAbgB1AHMAaABrAGEALQBXAFcAVwAwADcALgBwAGQAZgAPABoADABNAGEAYwBpAG4AdABvAHMAaAAgAEgARAASAEJVc2Vycy9kYW51L0Ryb3Bib3gvUmVzZWFyY2gvUmVzZWFyY2hQYXBlcnMvMjAxMi9kYW51c2hrYS1XV1cwNy5wZGYAEwABLwAAFQACAAv//wAAgAbSGxwdHlokY2xhc3NuYW1lWCRjbGFzc2VzXU5TTXV0YWJsZURhdGGjHR8gVk5TRGF0YVhOU09iamVjdNIbHCIjXE5TRGljdGlvbmFyeaIiIF8QD05TS2V5ZWRBcmNoaXZlctEmJ1Ryb290gAEACAARABoAIwAtADIANwBAAEYATQBVAGAAZwBqAGwAbgBxAHMAdQB3AIQAjgDGAMsA0wJbAl0CYgJtAnYChAKIAo8CmAKdAqoCrQK/AsICxwAAAAAAAAIBAAAAAAAAACgAAAAAAAAAAAAAAAAAAALJ}}

@inproceedings{Bollegala_NAACL,
	Author = {D. Bollegala and Y. Matsuo and M. Ishizuka},
	Booktitle = {Proc. of HTL-NAACL'07},
	Date-Added = {2017-05-09 13:52:24 +0000},
	Date-Modified = {2017-05-09 13:52:24 +0000},
	Pages = {340--347},
	Title = {An integrated approach to measuring semantic similarity between words using information available on the web},
	Year = {2007}}

@inproceedings{Bollegala_ECAI_2008,
	Author = {D. Bollegala and Y. Matsuo and M. Ishizuka},
	Booktitle = {Proc. of European Conference on Artificial Intelligence (ECAI)},
	Date-Added = {2017-05-09 13:52:24 +0000},
	Date-Modified = {2017-05-13 13:19:47 +0000},
	Pages = {333--337},
	Title = {WWW sits the SAT: Measuring Relational Similarity on the Web},
	Year = {2008}}

@inproceedings{Bollegala:NAACL:2007,
	Author = {Bollegala, D. and Matsuo, Y. and Ishizuka, M.},
	Booktitle = {Proceedings of NAACL HLT},
	Date-Added = {2017-05-09 13:52:24 +0000},
	Date-Modified = {2017-05-09 13:52:24 +0000},
	Keywords = {Semantic Similarity, Critical},
	Pages = {340--347},
	Read = {Yes},
	Title = {An integrated approach to measuring semantic similarity between words using information available on the web},
	Year = {2007}}

@inproceedings{Bollegala:IJCNLP:2005,
	Author = {Bollegala, D. and Okazaki, N. and Ishizuka, M.},
	Booktitle = {Proc. of International Joint Conferences in Natural Language Processing},
	Date-Added = {2017-05-09 13:52:24 +0000},
	Date-Modified = {2017-05-09 13:52:24 +0000},
	Keywords = {Sentence Ordering},
	Pages = {624 -- 635},
	Publisher = {Springer},
	Read = {Yes},
	Title = {A machine learning approach to sentence ordering for multidocument summarization and its evaluation},
	Year = {2005}}

@conference{Bollegala:ACLWorkshop:2006,
	Author = {Bollegala, D. and Matsuo, Y. and Ishizuka, M.},
	Booktitle = {Proceedings of the Workshop on How Can Computational Linguistics Improve Information Retrieval},
	Date-Added = {2017-05-09 13:52:24 +0000},
	Date-Modified = {2017-05-09 13:52:24 +0000},
	Keywords = {Namesake Disambiguation},
	Pages = {17--24},
	Read = {Yes},
	Title = {Extracting key phrases to disambiguate personal name queries in web search},
	Year = {2006}}

@conference{Matsuo:AAAI:2006,
	Author = {Matsuo, Y. and Hamasaki, M. and Nakamura, Y. and Nishimura, T. and Hasida, K. and Takeda, H. and Mori, J. and Bollegala, D. and Ishizuka, M.},
	Booktitle = {PROCEEDINGS OF THE NATIONAL CONFERENCE ON ARTIFICIAL INTELLIGENCE},
	Date-Added = {2017-05-09 13:52:24 +0000},
	Date-Modified = {2017-05-09 13:52:24 +0000},
	Keywords = {Social Networks},
	Number = {2},
	Organization = {Menlo Park, CA; Cambridge, MA; London; AAAI Press; MIT Press; 1999},
	Pages = {1381},
	Read = {Yes},
	Title = {Spinning multiple social networks for semantic web},
	Volume = {21},
	Year = {2006}}
